<?xml version="1.0" encoding="utf-8"?>
<marc:collection xmlns:marc="http://www.loc.gov/MARC21/slim" xmlns:xsi="http://www.w3.org/2001/XMLSchema-instance" xsi:schemaLocation="http://www.loc.gov/MARC21/slim http://www.loc.gov/standards/marcxml/schema/MARC21slim.xsd">
<marc:record>
	<marc:leader>01013cam a2200289   4500</marc:leader>
	<marc:controlfield tag="001">991063613503681</marc:controlfield>
	<marc:controlfield tag="005">20141119180027.0</marc:controlfield>
	<marc:controlfield tag="008">861010s1795    enk           00011 eng d</marc:controlfield>
	<marc:datafield tag="035" ind1=" " ind2=" ">
		<marc:subfield code="a">(OCoLC)ocm17380662</marc:subfield>
	</marc:datafield>
	<marc:datafield tag="035" ind1=" " ind2=" ">
		<marc:subfield code="a">(OCoLC)17380662</marc:subfield>
	</marc:datafield>
	<marc:datafield tag="035" ind1=" " ind2=" ">
		<marc:subfield code="a">(CStRLIN)PAUG86-B44018</marc:subfield>
	</marc:datafield>
	<marc:datafield tag="035" ind1=" " ind2=" ">
		<marc:subfield code="a">(CaOTULAS)146815435</marc:subfield>
	</marc:datafield>
	<marc:datafield tag="035" ind1=" " ind2=" ">
		<marc:subfield code="9">AAQ1322</marc:subfield>
	</marc:datafield>
	<marc:datafield tag="035" ind1=" " ind2=" ">
		<marc:subfield code="a">106361</marc:subfield>
	</marc:datafield>
	<marc:datafield tag="035" ind1=" " ind2=" ">
		<marc:subfield code="a">(PU)106361-penndb-Voyager</marc:subfield>
	</marc:datafield>
	<marc:datafield tag="035" ind1=" " ind2=" ">
		<marc:subfield code="a">(PennHoldings)129597</marc:subfield>
	</marc:datafield>
	<marc:datafield tag="040" ind1=" " ind2=" ">
		<marc:subfield code="a">MiU</marc:subfield>
		<marc:subfield code="c">MiU</marc:subfield>
		<marc:subfield code="d">PU</marc:subfield>
	</marc:datafield>
	<marc:datafield tag="090" ind1=" " ind2=" ">
		<marc:subfield code="a">PR3688.S4</marc:subfield>
		<marc:subfield code="b">B3 1795</marc:subfield>
		<marc:subfield code="i">10/10/86 CT</marc:subfield>
	</marc:datafield>
	<marc:datafield tag="100" ind1="1" ind2="0">
		<marc:subfield code="a">Smith, Charlotte Turner,</marc:subfield>
		<marc:subfield code="d">1749-1806.</marc:subfield>
	</marc:datafield>
	<marc:datafield tag="245" ind1="1" ind2="4">
		<marc:subfield code="a">The banished man:</marc:subfield>
		<marc:subfield code="b">a novel.</marc:subfield>
		<marc:subfield code="c">By Charlotte Smith.</marc:subfield>
	</marc:datafield>
	<marc:datafield tag="246" ind1="3" ind2=" ">
        <marc:subfield code="a">The banished man: A novel. By Charlotte Smith. In four volumes. Volume I. The second edition.</marc:subfield>
        <marc:subfield code="d">Letter-press</marc:subfield>
        <marc:subfield code="g">Full</marc:subfield>
        <marc:subfield code="x">volume</marc:subfield>
        <marc:subfield code="v">v.1</marc:subfield>
    </marc:datafield>
    <marc:datafield tag="246" ind1=" " ind2=" ">
        <marc:subfield code="a">The banished man: A novel. By Charlotte Smith. In four volumes. Volume II. The second edition.</marc:subfield>
        <marc:subfield code="d">Letter-press</marc:subfield>
        <marc:subfield code="g">Full</marc:subfield>
        <marc:subfield code="x">Volume</marc:subfield>
        <marc:subfield code="v">v.2</marc:subfield>
    </marc:datafield>
    <marc:datafield tag="246" ind1=" " ind2=" ">
        <marc:subfield code="a">The banished man: A novel. By Charlotte Smith. In four volumes. Volume III. The second edition.</marc:subfield>
        <marc:subfield code="d">Letter-press</marc:subfield>
        <marc:subfield code="g">Full</marc:subfield>
        <marc:subfield code="x">Volume</marc:subfield>
        <marc:subfield code="v">v.3</marc:subfield>
    </marc:datafield>
    <marc:datafield tag="246" ind1=" " ind2=" ">
        <marc:subfield code="a">The banished man: A novel. By Charlotte Smith. In four volumes. Volume IV. The second edition.</marc:subfield>
        <marc:subfield code="d">Letter-press</marc:subfield>
        <marc:subfield code="g">Full</marc:subfield>
        <marc:subfield code="x">Volume</marc:subfield>
        <marc:subfield code="v">v.4</marc:subfield>
    </marc:datafield>
    <marc:datafield tag="246" ind1="0" ind2="7">
        <marc:subfield code="a">The banished man.</marc:subfield>
        <marc:subfield code="v">v.1</marc:subfield>
        <marc:subfield code="v">v.2</marc:subfield>
        <marc:subfield code="v">v.3</marc:subfield>
        <marc:subfield code="v">v.4</marc:subfield>
    </marc:datafield>
    <marc:datafield tag="246" ind1="0" ind2="7">
        <marc:subfield code="a">The banished man. (verso)</marc:subfield>
        <marc:subfield code="a">The banished man. (recto)</marc:subfield>
        <marc:subfield code="v">v.1</marc:subfield>
        <marc:subfield code="v">v.2</marc:subfield>
        <marc:subfield code="v">v.3</marc:subfield>
        <marc:subfield code="v">v.4</marc:subfield>
    </marc:datafield>

	<marc:datafield tag="250" ind1=" " ind2=" ">
		<marc:subfield code="a">The 2d ed.</marc:subfield>
	</marc:datafield>
	<marc:datafield tag="250" ind1=" " ind2=" ">
        <marc:subfield code="a">The Second Edition.</marc:subfield>
        <marc:subfield code="b">Second edition</marc:subfield>
    </marc:datafield>
	<marc:datafield tag="260" ind1="0" ind2=" ">
		<marc:subfield code="a">London</marc:subfield>
		<marc:subfield code="b">Printed for T. Cadell, Jun. and W. Davies (successors to Mr. Cadell) in the Strand.</marc:subfield>
		<marc:subfield code="c">1795.</marc:subfield>
		<marc:subfield code="c">1795</marc:subfield>
		<marc:subfield code="v">v.1</marc:subfield>
        <marc:subfield code="v">v.2</marc:subfield>
        <marc:subfield code="v">v.3</marc:subfield>
        <marc:subfield code="v">v.4</marc:subfield>
	</marc:datafield>
	<marc:datafield tag="300" ind1=" " ind2=" ">
		<marc:subfield code="a">4 v. ;</marc:subfield>
		<marc:subfield code="c">19 cm. (12mo)</marc:subfield>
		<marc:subfield code="x">Duodecimo</marc:subfield>
        <marc:subfield code="z">In four volumes</marc:subfield>
	</marc:datafield>
	<marc:datafield tag="500" ind1=" " ind2=" ">
        <marc:subfield code="a">Transcription of bookplate with Studdy family crest, on front paste-down endpaper of all volumes: "Fide Se Cui Vide" and "Henry Studdy"</marc:subfield>
	</marc:datafield>
	<marc:datafield tag="500" ind1=" " ind2=" ">
        <marc:subfield code="a">Epigraph included in each chapter.</marc:subfield>
	</marc:datafield>
	<marc:datafield tag="510" ind1="4" ind2=" ">
		<marc:subfield code="a">ESTC (RLIN)</marc:subfield>
		<marc:subfield code="c">N79</marc:subfield>
	</marc:datafield>
	 <marc:datafield tag="520" ind1=" " ind2=" ">
        <marc:subfield code="a">Preface</marc:subfield>
        <marc:subfield code="b">Preface.</marc:subfield>
        <marc:subfield code="c">Front</marc:subfield>
        <marc:subfield code="v">v.1</marc:subfield>
        <marc:subfield code="x">Transcription of first sentence of the preface: "The work I now offer to the public has been written under great disadvantages; and, might I quote in my apology for the defects of so trifling a composition as a novel, the expression used in regard to his great and laborious work by Dr. Johnson, I might justly plead in excuse for those defects, that it has been composed amidst inconvenience and distraction, in sickness and in sorrow!- at a time when long anxiety has ruined my health, and long oppression broken my spirit; at the end of more than ten years (a very great portion of human life) during which I have been compelled to provide for the necessities of a numerous family, almost entirely by my own labour." Signed: "Charlotte Smith." Date: "July, 30, 1794."</marc:subfield>  
   	</marc:datafield>
    <marc:datafield tag="520" ind1=" " ind2=" ">
        <marc:subfield code="a">Footnotes</marc:subfield>
        <marc:subfield code="c">Middle</marc:subfield>
        <marc:subfield code="v">v.1</marc:subfield>
        <marc:subfield code="x">Transcription of footnote on p.86: "German coaches are made partly like a French cabriole; from whence a leather projects, which forms, in winter, another side; in summer, is let down for air."</marc:subfield>        
    </marc:datafield>
   	<marc:datafield tag="520" ind1=" " ind2=" ">
        <marc:subfield code="a">To the Reader</marc:subfield>
        <marc:subfield code="b">Avis Au Lecteur.</marc:subfield>
        <marc:subfield code="c">Front</marc:subfield>
        <marc:subfield code="v">v.2</marc:subfield>
        <marc:subfield code="x">Written as a transcribed conversation between "Author" and "Friend". Transcription of first sentence of the paratext: "'There was, an please your Honor," said Corporal Trim; "there was a certain king of Bohemia, who has seven cattles.'"</marc:subfield> 
   	</marc:datafield>
   	<marc:datafield tag="520" ind1=" " ind2=" ">
        <marc:subfield code="a">Footnotes</marc:subfield>
        <marc:subfield code="c">Middle</marc:subfield>
        <marc:subfield code="v">v.2</marc:subfield>
        <marc:subfield code="x">Transcription of the footnote on p.89: "Mrs. Piozzi of Dr.Johnson." Transcription of the footnote on p.123: "Nor was he, indeed, then ignorant that he was going back to a most cruel enemy, and to exquisite tortures. Tully of Regulus." Transcription of the footnote on p.151: "The Lady would have said, I perceive you are a stranger. Perhaps you are a relation of the ladies who lodge in our house." Transcription of the footnote on p.157: "O! my poor little exile, what will become of you!" Transcription of the footnote on p.214-215: "Left any part of the sketches given of Mrs. Denzil's history should be supposed too strongly to resemble my own, I beg this circumstance, so totally different, may be adverted to: Not one of my childrens relations ever lent them an house; though some of them contributed all in their power to take from them the house we possess of our own."</marc:subfield> 
    </marc:datafield>
   	<marc:datafield tag="520" ind1=" " ind2=" ">
        <marc:subfield code="a">Poem</marc:subfield>
        <marc:subfield code="c">Back</marc:subfield>
        <marc:subfield code="v">v.2</marc:subfield>
        <marc:subfield code="x">Transcription of first stanza of poem on p. 235-236: "Like a poor ghost, the night I seek;--- Its hollow winds repeat my sighs; The cold dews mingle on my cheek--- With tears that wander from mine eyes."</marc:subfield>         
   	</marc:datafield>
    <marc:datafield tag="520" ind1=" " ind2=" ">
        <marc:subfield code="a">Footnotes</marc:subfield>
        <marc:subfield code="c">Middle</marc:subfield>
        <marc:subfield code="v">v.3</marc:subfield>
        <marc:subfield code="x">Transcription of the footnote on p.34: "This story, I have been assured, is fact - and that the melancholy circumstances here related, happened to a young woman in a situation of life somewhat superior to that of the person to whom they are given Transcription of the footnote on p.93: "It should be remembere that such was the mode of education in France among the inferior ranks, for middle rank there was none, that it was hardly possible such men could be entrusted with the legislative power, and not abuse it. They had never been taught what was really libery, but to such men, power and plunder must have been desirable." Transcription of the footnote on p.115: "St Hubert is the titular saint of hunters. In France it was usual for the noblesse on that day in large parties in the great chateaux, and to remain a fortnight, or longer; passing the morning in the chace, and the evenings in cards and dancing." Transcription of the footnote on p.232: "If this was self-evident in 1793, it is much more so now when every day brings accounts of horrors, from which the mind attempts, in vain, to take refuge in incredulity. - 'One sanguinary tide scarce rolled away,--- Another comes in terrible sucession.' - Escaylus."</marc:subfield> 
    </marc:datafield>
    <marc:datafield tag="520" ind1=" " ind2=" ">
        <marc:subfield code="a">Footnotes</marc:subfield>
        <marc:subfield code="c">Middle</marc:subfield>
        <marc:subfield code="v">v.4</marc:subfield>
        <marc:subfield code="x">Transcription of the footnote on p.145-146: "Thomso - It has struck me as remarkable, that the French (I speak of them as they were), who either read English poetry in the original, or translated into their own language, preferred Young and Thomson, to out gayer and lighter poets, which, like their passion for tragedy, seems to contradict the generally received opinion of their national character."</marc:subfield> 
    </marc:datafield>
   	<marc:datafield tag="591" ind1=" " ind2=" ">
        <marc:subfield code="a">"Et de vrai la novellete couste cher jusqu'a cette heure a ce pauvre Estat-(et je ne scay si nous en sommes a la derniere enchere) qu'en tout et partout j'en quitte le party"</marc:subfield>
        <marc:subfield code="2">Montaigne.</marc:subfield>
        <marc:subfield code="b">Essays of Michel de Montaigne</marc:subfield>   
        <marc:subfield code="c">Michel de Montaigne</marc:subfield>            
        <marc:subfield code="d">... and, in truth, novelty costs this poor country up to the present moment so dear (and I do not know whether we have reached the highest pitch yet), that everywhere and in everything I renounce the fashion.</marc:subfield>
        <marc:subfield code="v">v.1</marc:subfield>
        <marc:subfield code="x">Translation source: https://www.gutenberg.org/files/3600/3600-h/3600-h.htm</marc:subfield>
    </marc:datafield>
	<marc:datafield tag="591" ind1=" " ind2=" ">
        <marc:subfield code="a">Me quoque per multos similis fortuna labores. Iaetatum, hac demum voluit consistere terra. Non ignara maa;i, miseris succurrere disco.</marc:subfield>
        <marc:subfield code="2">Virgil.</marc:subfield>
        <marc:subfield code="b">Aenid</marc:subfield>            
        <marc:subfield code="c">Virgil</marc:subfield>            
        <marc:subfield code="d">Me, too, has a like fortune driven through many toils, and willed that in this land I should at last find rest. Not ignorant of ill I learn to aid distress.</marc:subfield>
        <marc:subfield code="v">v.2</marc:subfield>
        <marc:subfield code="x">Translation source: https://www.loebclassics.com/view/virgil-aeneid/1916/pb_LCL063.305.xml</marc:subfield>
    </marc:datafield>
    <marc:datafield tag="591" ind1=" " ind2=" ">
        <marc:subfield code="a">Alas! poor country!--- Almost afraid to know itself!-It cannot---Be call'd our mother, but our grave: where nothing--- But who knows nothing is once seen to smile:--- Where sighs and groans and shrieks that rend the air--- Are made, not mark'd: where violent sorrows seems--- A modern extacy : the dead man's knell--- Is there scarce ask'd for whom-</marc:subfield>
        <marc:subfield code="b">Macbeth</marc:subfield>            
        <marc:subfield code="c">William Shakespeare</marc:subfield>            
        <marc:subfield code="v">v.3</marc:subfield>
    </marc:datafield>
    <marc:datafield tag="591" ind1=" " ind2=" ">
        <marc:subfield code="a">In si caro, e dolce ogetto--- La mia gioia, il mio diletto--- La mia pace io trovero</marc:subfield>
        <marc:subfield code="2">Metastasio.</marc:subfield>
        <marc:subfield code="b">Il re pastore</marc:subfield>            
        <marc:subfield code="c">Pietro Metastasio</marc:subfield>            
        <marc:subfield code="d">In so dear and so sweet an object--- my joy, my delight,--- my peace, I will find.</marc:subfield>
        <marc:subfield code="v">v.4</marc:subfield>
        <marc:subfield code="x">Translation source: https://books.google.com/books?id=3o3INPlFi4sC&amp;dq</marc:subfield>
    </marc:datafield>
    <marc:datafield tag="592" ind1=" " ind2=" ">
        <marc:subfield code="a">Third-person</marc:subfield>
    </marc:datafield>
    <marc:datafield tag="599" ind1=" " ind2=" ">
        <marc:subfield code="a">Author (text)</marc:subfield>
        <marc:subfield code="b">Proper name</marc:subfield>
        <marc:subfield code="2">Charlotte Smith</marc:subfield>
        <marc:subfield code="3">Title Page</marc:subfield>
        <marc:subfield code="5">Female</marc:subfield>
        <marc:subfield code="6">Female</marc:subfield>
        <marc:subfield code="v">v.1</marc:subfield>
        <marc:subfield code="v">v.2</marc:subfield>
        <marc:subfield code="v">v.3</marc:subfield>
        <marc:subfield code="v">v.4</marc:subfield>
	</marc:datafield>
	<marc:datafield tag="599" ind1=" " ind2=" ">
		<marc:subfield code="a">Author (paratext)</marc:subfield>
		<marc:subfield code="b">Proper name</marc:subfield>
		<marc:subfield code="2">Charlotte Smith</marc:subfield>
		<marc:subfield code="3">Preface</marc:subfield>
		<marc:subfield code="5">Female</marc:subfield>
		<marc:subfield code="6">Female</marc:subfield>
		<marc:subfield code="v">v.1</marc:subfield>
	</marc:datafield>
	<marc:datafield tag="599" ind1=" " ind2=" ">
        <marc:subfield code="a">Author (epigraph)</marc:subfield>
        <marc:subfield code="b">Proper name</marc:subfield>
        <marc:subfield code="2">Montaigne.</marc:subfield>
        <marc:subfield code="3">Title Page</marc:subfield>
        <marc:subfield code="5">Male</marc:subfield>
        <marc:subfield code="6">Male</marc:subfield>
        <marc:subfield code="v">v.1</marc:subfield>
	</marc:datafield>
	<marc:datafield tag="599" ind1=" " ind2=" ">
        <marc:subfield code="a">Author (epigraph)</marc:subfield>
        <marc:subfield code="b">Proper name</marc:subfield>
        <marc:subfield code="2">Virgil.</marc:subfield>
        <marc:subfield code="3">Title Page</marc:subfield>
        <marc:subfield code="5">Male</marc:subfield>
        <marc:subfield code="6">Male</marc:subfield>
        <marc:subfield code="v">v.2</marc:subfield>
    </marc:datafield> 
    <marc:datafield tag="599" ind1=" " ind2=" ">
        <marc:subfield code="a">Author (epigraph)</marc:subfield>
        <marc:subfield code="b">Proper name</marc:subfield>
        <marc:subfield code="2">Metastasio.</marc:subfield>
        <marc:subfield code="3">Title Page</marc:subfield>
        <marc:subfield code="5">Male</marc:subfield>
        <marc:subfield code="6">Male</marc:subfield>
        <marc:subfield code="v">v.4</marc:subfield>
    </marc:datafield>
	<marc:datafield tag="650" ind1=" " ind2="4">
		<marc:subfield code="a">CHR 1795</marc:subfield>
	</marc:datafield>
	<marc:datafield tag="650" ind1=" " ind2="4">
		<marc:subfield code="a">PRO Studdy, Henry (Bookplate)</marc:subfield>
	</marc:datafield>
	<marc:datafield tag="656" ind1=" " ind2=" ">
        <marc:subfield code="a">Fiction</marc:subfield>
        <marc:subfield code="b">Back</marc:subfield>
        <marc:subfield code="c">Same publisher</marc:subfield>
        <marc:subfield code="v">v.1</marc:subfield>
    </marc:datafield>
	<marc:datafield tag="656" ind1=" " ind2=" ">
		<marc:subfield code="a">Fiction</marc:subfield>
		<marc:subfield code="b">Back</marc:subfield>
		<marc:subfield code="c">Same author</marc:subfield>
		<marc:subfield code="v">v.1</marc:subfield>
	</marc:datafield>
    <marc:datafield tag="700" ind1=" " ind2=" ">
        <marc:subfield code="a">Smith, Charlotte</marc:subfield>
        <marc:subfield code="d">1749-1806</marc:subfield>
        <marc:subfield code="4">Author (text)</marc:subfield>
        <marc:subfield code="5">Authorized</marc:subfield>
    </marc:datafield>
    <marc:datafield tag="700" ind1=" " ind2=" ">
        <marc:subfield code="a">Smith, Charlotte</marc:subfield>
        <marc:subfield code="d">1749-1806</marc:subfield>
        <marc:subfield code="4">Author (paratext)</marc:subfield>
        <marc:subfield code="5">Authorized</marc:subfield>
    </marc:datafield>
    <marc:datafield tag="700" ind1=" " ind2=" ">
        <marc:subfield code="a">Henry Studdy</marc:subfield>
        <marc:subfield code="4">Author (bookplate)</marc:subfield>
        <marc:subfield code="5">Unathorized</marc:subfield>
    </marc:datafield>
  	<marc:datafield tag="700" ind1=" " ind2=" ">
        <marc:subfield code="a">Cadell, Thomas</marc:subfield>
        <marc:subfield code="d">1773-1836</marc:subfield>
        <marc:subfield code="4">Printed for</marc:subfield>
        <marc:subfield code="5">Authorized</marc:subfield>
    </marc:datafield>
    <marc:datafield tag="700" ind1=" " ind2=" ">
        <marc:subfield code="a">Cadell, Thomas</marc:subfield>
        <marc:subfield code="d">1742-1802</marc:subfield>
		<marc:subfield code="4">Printed for</marc:subfield>
        <marc:subfield code="5">Authorized</marc:subfield>
    </marc:datafield>
    <marc:datafield tag="700" ind1=" " ind2=" ">
        <marc:subfield code="a">Davies, William</marc:subfield>
        <marc:subfield code="d">fl. 1793-1819</marc:subfield>
        <marc:subfield code="4">Printed for</marc:subfield>
        <marc:subfield code="5">Authorized</marc:subfield>
    </marc:datafield>
    <marc:datafield tag="700" ind1=" " ind2=" ">
        <marc:subfield code="a">Montaigne, Michel de</marc:subfield>
        <marc:subfield code="d">1533-1592</marc:subfield>
        <marc:subfield code="4">Author (epigraph)</marc:subfield>
        <marc:subfield code="5">Authorized</marc:subfield>
    </marc:datafield>
    <marc:datafield tag="700" ind1=" " ind2=" ">
        <marc:subfield code="a">Virgil</marc:subfield>
        <marc:subfield code="d">70-19 a.C.</marc:subfield>
        <marc:subfield code="4">Author (epigraph)</marc:subfield>
        <marc:subfield code="5">Authorized</marc:subfield>
    </marc:datafield>
    <marc:datafield tag="700" ind1=" " ind2=" ">
        <marc:subfield code="a">Metastasio, Pietro</marc:subfield>
        <marc:subfield code="d">1698-1782</marc:subfield>
        <marc:subfield code="4">Author (epigraph)</marc:subfield>
        <marc:subfield code="5">Authorized</marc:subfield>
    </marc:datafield>
	<marc:datafield tag="700" ind1=" " ind2=" ">
		<marc:subfield code="a">Cadell &amp; Davies</marc:subfield>
		<marc:subfield code="4">Printed for</marc:subfield>
		<marc:subfield code="5">Authorized</marc:subfield>
	</marc:datafield>
	<marc:datafield tag="710" ind1="2" ind2=" ">
        <marc:subfield code="a">Early Novels</marc:subfield>
        <marc:subfield code="5">University of Pennsylvania</marc:subfield>
    </marc:datafield>
	<marc:datafield tag="710" ind1="2" ind2=" ">
		<marc:subfield code="a">Collection of British and American Fiction, 1660-1830 (University of Pennsylvania)</marc:subfield>
		<marc:subfield code="5">PU</marc:subfield>
	</marc:datafield>
	<marc:datafield tag="950" ind1=" " ind2=" ">
		<marc:subfield code="l">RBC</marc:subfield>
		<marc:subfield code="v">4 v.</marc:subfield>
		<marc:subfield code="i">10/10/86 C</marc:subfield>
	</marc:datafield>
	<marc:datafield tag="955" ind1=" " ind2=" ">
		<marc:subfield code="l">RBC</marc:subfield>
		<marc:subfield code="c">1:(v.1-4)</marc:subfield>
		<marc:subfield code="q">487828-31</marc:subfield>
		<marc:subfield code="s">Ex libris Studdy, Henry (Bookplate)</marc:subfield>
		<marc:subfield code="i">10/10/86 C</marc:subfield>
	</marc:datafield>
	<marc:datafield tag="989" ind1=" " ind2=" "> 
        <marc:subfield code="2">Man</marc:subfield>
        <marc:subfield code="3">Banished</marc:subfield>
        <marc:subfield code="3">Four</marc:subfield>
        <marc:subfield code="3">Second</marc:subfield>
        <marc:subfield code="5">Charlotte Smith</marc:subfield>
    </marc:datafield>
    <marc:datafield tag="999" ind1=" " ind2=" ">
		<marc:subfield code="a">IC</marc:subfield>
		<marc:subfield code="b">6/8/18</marc:subfield>
		<marc:subfield code="c">University of Pennsylvania</marc:subfield>
		<marc:subfield code="d">DPL</marc:subfield>
	</marc:datafield>
</marc:record>