
<marc:record>
	<marc:leader>01601cam a2200409 a 4500</marc:leader>
	<marc:controlfield tag="005">20141119180044.0</marc:controlfield>
	<marc:controlfield tag="008">861013s1795    enk           00000 eng d</marc:controlfield>
	<marc:controlfield tag="001">991064203503681</marc:controlfield>
	<marc:datafield ind1=" " ind2=" " tag="035">
		<marc:subfield code="a">(OCoLC)ocm17380800</marc:subfield>
	</marc:datafield>
	<marc:datafield ind1=" " ind2=" " tag="035">
		<marc:subfield code="a">(OCoLC)17380800</marc:subfield>
	</marc:datafield>
	<marc:datafield ind1=" " ind2=" " tag="035">
		<marc:subfield code="a">(CStRLIN)PAUG86-B44149</marc:subfield>
	</marc:datafield>
	<marc:datafield ind1=" " ind2=" " tag="035">
		<marc:subfield code="a">(CaOTULAS)146815799</marc:subfield>
	</marc:datafield>
	<marc:datafield ind1=" " ind2=" " tag="035">
		<marc:subfield code="9">AAQ1383</marc:subfield>
	</marc:datafield>
	<marc:datafield ind1=" " ind2=" " tag="035">
		<marc:subfield code="a">106420</marc:subfield>
	</marc:datafield>
	<marc:datafield ind1=" " ind2=" " tag="035">
		<marc:subfield code="a">(PU)106420-penndb-Voyager</marc:subfield>
	</marc:datafield>
	<marc:datafield ind1=" " ind2=" " tag="035">
		<marc:subfield code="a">(PennHoldings)129664</marc:subfield>
	</marc:datafield>
	<marc:datafield ind1=" " ind2=" " tag="040">
		<marc:subfield code="a">PU</marc:subfield>
		<marc:subfield code="c">PU</marc:subfield>
	</marc:datafield>
	<marc:datafield ind1=" " ind2=" " tag="090">
		<marc:subfield code="a">PR4161.B58</marc:subfield>
		<marc:subfield code="b">M39 1795</marc:subfield>
		<marc:subfield code="i">10/17/86 CT</marc:subfield>
	</marc:datafield>
	<marc:datafield ind1="1" ind2=" " tag="100">
		<marc:subfield code="a">Brewer, George,</marc:subfield>
		<marc:subfield code="d">b. 1766.</marc:subfield>
	</marc:datafield>
	<marc:datafield ind1="1" ind2="0" tag="245">
		<marc:subfield code="a">Maxims of gallantry, or, The history of Count de Verney /</marc:subfield>
		<marc:subfield code="c">by G---e B----r.</marc:subfield>
	</marc:datafield>
	<marc:datafield ind1=" " ind2=" " tag="246">
	    <marc:subfield code="a">Maxims of gallantry, or the history of the Count de Verney. By G-E B-R.</marc:subfield>
		<marc:subfield code="d">Letter-press</marc:subfield>
		<marc:subfield code="g">Full</marc:subfield>
		<marc:subfield code="x">Work</marc:subfield>
	</marc:datafield>
	<marc:datafield ind1="0" ind2="7" tag="246">
	    <marc:subfield code="a">Maxims of Gallantry.</marc:subfield>
	</marc:datafield>
	<marc:datafield ind1="0" ind2="7" tag="246">
	    <marc:subfield code="a">Maxims of Gallantry. (verso)</marc:subfield>
		<marc:subfield code="a">Maxims of Gallantry. (recto)</marc:subfield>
	</marc:datafield>
	<marc:datafield ind1=" " ind2=" " tag="260">
		<marc:subfield code="a">London</marc:subfield>
		<marc:subfield code="b">Printed for the author, and sold by Hookham and Carpenter, Bond Street.</marc:subfield>
		<marc:subfield code="c">1793 [1795]</marc:subfield>
		<marc:subfield code="c">1793.</marc:subfield>
	</marc:datafield>
	<marc:datafield ind1=" " ind2=" " tag="300">
		<marc:subfield code="a">xv, [1], 198, [2] p., [1] leaf of plates :</marc:subfield>
		<marc:subfield code="b">ill. ;</marc:subfield>
		<marc:subfield code="c">24 cm. (8vo)</marc:subfield>
		<marc:subfield code="x">Octavo</marc:subfield>
	</marc:datafield>
	<marc:datafield ind1=" " ind2=" " tag="500">
		<marc:subfield code="a">Novel.</marc:subfield>
	</marc:datafield>
	<marc:datafield ind1=" " ind2=" " tag="500">
		<marc:subfield code="a">G-e B-r is George Brewer.  Cf. Halkett &amp; Laing (2nd ed.); Allibone, p. 243.</marc:subfield>
	</marc:datafield>
	<marc:datafield ind1=" " ind2=" " tag="500">
		<marc:subfield code="a">Frontispiece dated: Oct. 1, 1795. Transcription of caption on frontispiece: "We must seek it in more rational institutions.</marc:subfield>
	</marc:datafield>
	<marc:datafield ind1=" " ind2=" " tag="500">
		<marc:subfield code="a">Price on title page: "[Price Five Shillings]"</marc:subfield>
	</marc:datafield>
	<marc:datafield ind1=" " ind2=" " tag="500">
		<marc:subfield code="a">ESTC lists publication date as 1793, but WorldCat lists publication date as 1795. Publication date on title page is 1793, but frontispiece is dated 1795.</marc:subfield>
	</marc:datafield>
	<marc:datafield ind1="4" ind2=" " tag="510">
		<marc:subfield code="a">ESTC (RLIN)</marc:subfield>
		<marc:subfield code="c">N4360</marc:subfield>
	</marc:datafield>
	<marc:datafield ind1="4" ind2=" " tag="510">
		<marc:subfield code="a">English novel, 1770-1829,</marc:subfield>
		<marc:subfield code="c">1793:15</marc:subfield>
	</marc:datafield>
	<marc:datafield ind1="4" ind2=" " tag="510">
		<marc:subfield code="a">Halkett &amp; Laing (2nd ed.)</marc:subfield>
		<marc:subfield code="c">v.4, p.36</marc:subfield>
	</marc:datafield>
	<marc:datafield ind1=" " ind2=" " tag="520">
	    <marc:subfield code="a">Preface</marc:subfield>
		<marc:subfield code="b">Preface.</marc:subfield>
		<marc:subfield code="c">Front</marc:subfield>
		<marc:subfield code="x">Transcription of first line: "The introduction of a work into the world under such a title as 'Maxims of Gallantry' may, perhaps, stand in need of some explanation or apology."</marc:subfield>
	</marc:datafield>
	<marc:datafield ind1=" " ind2=" " tag="520">
	    <marc:subfield code="a">Introduction</marc:subfield>
		<marc:subfield code="b">Introduction.</marc:subfield>
		<marc:subfield code="c">Front</marc:subfield>
		<marc:subfield code="x">Contains epigraphs: "Peace is the first law of nature. That of seeking for nourishment is the second of those laws. The inclination of the sexes for eachother is the third. the desire of living in society is the fourth law of nature." credited to Montesquieu; and "Peace is the first law of nature,---That of seeking for nourishment is the second of those laws. The inclination of the sexes for each other is the third. ---The desire of living in society is the fourth law of nature." Transcription of first line: "Were all minds possessed of philosophy, or a fondness for metaphysical inquiry, the above laws of nature would be sufficient to shew[sic] that the inclination of the sexes, one for the other, and the desire of living in society, were not merely meant as laws to enforce the purposes of propagation, but to attract and direct the heart to the sweetest and most delightful of human pleasures, society, love and friendship."</marc:subfield>
	</marc:datafield>
	<marc:datafield ind1=" " ind2=" " tag="520">
	    <marc:subfield code="a">Errata</marc:subfield>
		<marc:subfield code="b">Errata.</marc:subfield>
		<marc:subfield code="c">Back</marc:subfield>
		<marc:subfield code="x">Transcription of first line: "Page 5, Line 12, for Mamvatae read Mammoatoe."</marc:subfield>
	</marc:datafield>
	<marc:datafield ind1=" " ind2=" " tag="590">
		<marc:subfield code="a">Copy 2 imperfect: frontispiece wanting.</marc:subfield>
	</marc:datafield>
	<marc:datafield ind1=" " ind2=" " tag="591">
	    <marc:subfield code="a">Liquida voluptas et libera. Pure pleasure unalloyed with pain.</marc:subfield>
		<marc:subfield code="2">Cicero</marc:subfield>
		<marc:subfield code="c">Cicero</marc:subfield>
		<marc:subfield code="x">Second line is a translation of the first.</marc:subfield>
	</marc:datafield>
	<marc:datafield ind1=" " ind2=" " tag="591">
	    <marc:subfield code="a">A man of pleasure, though not always so scrupulous as he should be, and as one day he will wish he had been, refines at least his pleasures by taste, acoompanies with them decency, and enjoys them with dignity.</marc:subfield>
		<marc:subfield code="2">Lord Chesterfield</marc:subfield>
		<marc:subfield code="b">Letters to his son on the art of becoming a man of the world and a gentleman</marc:subfield>
		<marc:subfield code="c">Philip Dormer Stanhope, 4th Earl of Chesterfield</marc:subfield>
	</marc:datafield>
	<marc:datafield ind1=" " ind2=" " tag="592">
	    <marc:subfield code="a">Third-person</marc:subfield>
	</marc:datafield>
	<marc:datafield ind1=" " ind2=" " tag="595">
	    <marc:subfield code="a">Pencil</marc:subfield>
		<marc:subfield code="b">Words</marc:subfield>
		<marc:subfield code="x">Transcription: "George Brewer"; Location: Title page, above "By G---e B----r"</marc:subfield>
	</marc:datafield>
	<marc:datafield ind1=" " ind2=" " tag="599">
	    <marc:subfield code="a">Author (text)</marc:subfield>
		<marc:subfield code="b">Proper name</marc:subfield>
		<marc:subfield code="2">By G---e B----r</marc:subfield>
		<marc:subfield code="3">Title page</marc:subfield>
		<marc:subfield code="5">Indeterminate</marc:subfield>
		<marc:subfield code="6">Male</marc:subfield>
	</marc:datafield>
	<marc:datafield ind1=" " ind2="4" tag="650">
		<marc:subfield code="a">CHR 1795</marc:subfield>
	</marc:datafield>
	<marc:datafield ind1=" " ind2="4" tag="650">
		<marc:subfield code="a">PRO Singer, Jacob (donor)</marc:subfield>
	</marc:datafield>
	<marc:datafield ind1=" " ind2="4" tag="650">
		<marc:subfield code="a">PRO Singer, Leah (donor)</marc:subfield>
	</marc:datafield>
	<marc:datafield ind1=" " ind2="4" tag="650">
		<marc:subfield code="a">PRO Singer, Godfrey F. (honoree)</marc:subfield>
	</marc:datafield>
	<marc:datafield ind1=" " ind2="4" tag="650">
		<marc:subfield code="a">PRO Forrest, Edwin, Estate of (Donor) (Copy 2)</marc:subfield>
	</marc:datafield>
	<marc:datafield ind1=" " ind2=" " tag="700">
	    <marc:subfield code="a">Brewer, George</marc:subfield>
		<marc:subfield code="d">1766-</marc:subfield>
		<marc:subfield code="4">Author (text)</marc:subfield>
		<marc:subfield code="5">Authorized</marc:subfield>
	</marc:datafield>
	<marc:datafield ind1=" " ind2=" " tag="700">
		<marc:subfield code="a">Brewer, George</marc:subfield>
		<marc:subfield code="d">1766-</marc:subfield>
		<marc:subfield code="4">Printed for</marc:subfield>
		<marc:subfield code="5">Authorized</marc:subfield>
	</marc:datafield>
	<marc:datafield ind1=" " ind2=" " tag="710">
	    <marc:subfield code="a">Hookham and Carpenter</marc:subfield>
		<marc:subfield code="4">Sold by</marc:subfield>
		<marc:subfield code="5">Authorized</marc:subfield>
	</marc:datafield>
	<marc:datafield ind1="2" ind2=" " tag="710">
		<marc:subfield code="a">Collection of British and American Fiction, 1660-1830 (University of Pennsylvania)</marc:subfield>
		<marc:subfield code="5">PU</marc:subfield>
	</marc:datafield>
	<marc:datafield ind1="2" ind2=" " tag="710">
		<marc:subfield code="a">Early Novels</marc:subfield>
		<marc:subfield code="5">University of Pennsylvania</marc:subfield>
	</marc:datafield>
	<marc:datafield ind1="0" ind2=" " tag="740">
		<marc:subfield code="a">History of Count de Verney.</marc:subfield>
	</marc:datafield>
	<marc:datafield ind1=" " ind2=" " tag="752">
		<marc:subfield code="a">England</marc:subfield>
		<marc:subfield code="d">London.</marc:subfield>
	</marc:datafield>
	<marc:datafield ind1=" " ind2=" " tag="950">
		<marc:subfield code="l">RBC</marc:subfield>
		<marc:subfield code="e">\\Singer-\Menden-\hall\</marc:subfield>
		<marc:subfield code="i">10/17/86 C</marc:subfield>
	</marc:datafield>
	<marc:datafield ind1=" " ind2=" " tag="955">
		<marc:subfield code="l">RBC</marc:subfield>
		<marc:subfield code="c">1</marc:subfield>
		<marc:subfield code="q">725862</marc:subfield>
		<marc:subfield code="q">g. Mr. and Mrs. Jacob Singer</marc:subfield>
		<marc:subfield code="i">10/17/86 C</marc:subfield>
	</marc:datafield>
	<marc:datafield ind1=" " ind2=" " tag="989">
	    <marc:subfield code="2">Maxim</marc:subfield>
		<marc:subfield code="2">Gallantry</marc:subfield>
		<marc:subfield code="2">History</marc:subfield>
		<marc:subfield code="5">Count de Verney</marc:subfield>
	</marc:datafield>
	<marc:datafield ind1=" " ind2=" " tag="999">
	    <marc:subfield code="a">OF</marc:subfield>
		<marc:subfield code="b">6/18/18</marc:subfield>
		<marc:subfield code="c">Carnegie Mellon University</marc:subfield>
		<marc:subfield code="d">IC</marc:subfield>
	</marc:datafield>
</marc:record>