
<marc:record>
    <marc:leader>01312cam a2200349 a 4500</marc:leader>
    <marc:controlfield tag="001">991064283503681</marc:controlfield>
    <marc:controlfield tag="005">20141119180047.0</marc:controlfield>
    <marc:controlfield tag="008">861013s1795    ie            00010 eng d</marc:controlfield>
    <marc:datafield tag="035" ind1=" " ind2=" ">
        <marc:subfield code="a">(OCoLC)ocm17380856</marc:subfield>
    </marc:datafield>
    <marc:datafield tag="035" ind1=" " ind2=" ">
        <marc:subfield code="a">(OCoLC)17380856</marc:subfield>
    </marc:datafield>
    <marc:datafield tag="035" ind1=" " ind2=" ">
        <marc:subfield code="a">(CStRLIN)PAUG86-B44164</marc:subfield>
    </marc:datafield>
    <marc:datafield tag="035" ind1=" " ind2=" ">
        <marc:subfield code="a">(CaOTULAS)146815816</marc:subfield>
    </marc:datafield>
    <marc:datafield tag="035" ind1=" " ind2=" ">
        <marc:subfield code="9">AAQ1391</marc:subfield>
    </marc:datafield>
    <marc:datafield tag="035" ind1=" " ind2=" ">
        <marc:subfield code="a">106428</marc:subfield>
    </marc:datafield>
    <marc:datafield tag="035" ind1=" " ind2=" ">
        <marc:subfield code="a">(PU)106428-penndb-Voyager</marc:subfield>
    </marc:datafield>
    <marc:datafield tag="035" ind1=" " ind2=" ">
        <marc:subfield code="a">(PennHoldings)129673</marc:subfield>
    </marc:datafield>
    <marc:datafield tag="040" ind1=" " ind2=" ">
        <marc:subfield code="a">PU</marc:subfield>
        <marc:subfield code="c">PU</marc:subfield>
    </marc:datafield>
    <marc:datafield tag="090" ind1=" " ind2=" ">
        <marc:subfield code="a">PR3688.S4</marc:subfield>
        <marc:subfield code="b">M6 1795b</marc:subfield>
        <marc:subfield code="i">10/17/86 CT</marc:subfield>
    </marc:datafield>
    <marc:datafield tag="100" ind1="1" ind2=" ">
        <marc:subfield code="a">Smith, Charlotte Turner,</marc:subfield>
        <marc:subfield code="d">1749-1806.</marc:subfield>
    </marc:datafield>
    <marc:datafield tag="245" ind1="1" ind2="0">
        <marc:subfield code="a">Montalbert :</marc:subfield>
        <marc:subfield code="b">a novel /</marc:subfield>
        <marc:subfield code="c">by Charlotte Smith : in two volumes.</marc:subfield>
    </marc:datafield>
    <marc:datafield tag="246" ind1=" " ind2=" ">
        <marc:subfield code="a">Montalbert. A novel.</marc:subfield>
        <marc:subfield code="d">Letter-press</marc:subfield>
        <marc:subfield code="g">Half</marc:subfield>
        <marc:subfield code="x">Work</marc:subfield>
        <marc:subfield code="v">v.1</marc:subfield>
    </marc:datafield>
    <marc:datafield tag="246" ind1=" " ind2=" ">
        <marc:subfield code="a">Montalbert. A Novel. By Charlotte Smith. In Two Volumes. Vol. I.</marc:subfield>
        <marc:subfield code="d">Letter-press</marc:subfield>
        <marc:subfield code="g">Full</marc:subfield>
        <marc:subfield code="x">Volume</marc:subfield>
        <marc:subfield code="v">v.1</marc:subfield>
    </marc:datafield>
	<marc:datafield tag="246" ind1=" " ind2=" ">
		<marc:subfield code="a">Montalbert. A novel.</marc:subfield>
		<marc:subfield code="d">Letter-press</marc:subfield>
		<marc:subfield code="g">Half</marc:subfield>
		<marc:subfield code="x">Work</marc:subfield>
		<marc:subfield code="v">v.2</marc:subfield>
	</marc:datafield>
    <marc:datafield tag="246" ind1=" " ind2=" ">
        <marc:subfield code="a">Montalbert. A Novel. By Charlotte Smith. In Two Volumes. Vol. II.</marc:subfield>
        <marc:subfield code="d">Letter-press</marc:subfield>
        <marc:subfield code="g">Full</marc:subfield>
        <marc:subfield code="x">Volume</marc:subfield>
        <marc:subfield code="v">v.2</marc:subfield>
    </marc:datafield>
    <marc:datafield tag="246" ind1="0" ind2="7">
        <marc:subfield code="a">Montalbert.</marc:subfield>
        <marc:subfield code="v">v.1</marc:subfield>
        <marc:subfield code="v">v.2</marc:subfield>
    </marc:datafield>
    <marc:datafield tag="246" ind1="0" ind2="7">
        <marc:subfield code="a">Montalbert. (verso)</marc:subfield>
        <marc:subfield code="a">Montalbert. (recto)</marc:subfield>
        <marc:subfield code="v">v.1</marc:subfield>
        <marc:subfield code="v">v.2</marc:subfield>
    </marc:datafield>
    <marc:datafield tag="260" ind1=" " ind2=" ">
        <marc:subfield code="a">Dublin</marc:subfield>
        <marc:subfield code="b">Printed for P. Wogan, P. Bryne, W. Jones, J. Rice, J. Moore, W. Porter, H. Colbert, H. Fitzpatrick, G. Folingsby.</marc:subfield>
        <marc:subfield code="c">1795</marc:subfield>
        <marc:subfield code="c">1795.</marc:subfield>
        <marc:subfield code="v">v.1</marc:subfield>
        <marc:subfield code="v">v.2</marc:subfield>
    </marc:datafield>
    <marc:datafield tag="300" ind1=" " ind2=" ">
        <marc:subfield code="a">2 v. ;</marc:subfield>
        <marc:subfield code="c">18 cm. (12mo)</marc:subfield>
         <marc:subfield code="x">Duodecimo</marc:subfield>
        <marc:subfield code="z">In two volumes.</marc:subfield>
    </marc:datafield>
    <marc:datafield tag="500" ind1=" " ind2=" ">
        <marc:subfield code="a">Transciption of name in red ink: "Charlotte..LeConte". Located on first page of text of v.1 and v.2.</marc:subfield>
    </marc:datafield>
    <marc:datafield tag="500" ind1=" " ind2=" ">
        <marc:subfield code="a">Located in v.2. Transciption of name in pencil: "Mary H Penington."</marc:subfield>
    </marc:datafield>
    <marc:datafield tag="500" ind1=" " ind2=" ">
        <marc:subfield code="a">Faded, illegible reader's marking at the top of p. 21 and p.27, located in v.2.</marc:subfield>
    </marc:datafield>
    <marc:datafield tag="510" ind1="4" ind2=" ">
        <marc:subfield code="a">ESTC (RLIN)</marc:subfield>
        <marc:subfield code="c">N4187</marc:subfield>
    </marc:datafield>
    <marc:datafield tag="510" ind1="4" ind2=" ">
        <marc:subfield code="a">English novel, 1770-1829,</marc:subfield>
        <marc:subfield code="c">1795:41</marc:subfield>
    </marc:datafield>
    <marc:datafield tag="520" ind1=" " ind2=" ">
        <marc:subfield code="a">Footnotes</marc:subfield>
        <marc:subfield code="c">Middle</marc:subfield>
        <marc:subfield code="v">v.1</marc:subfield>
        <marc:subfield code="x">Transcription of footnote on p.15: "A down in Hampshire on the borders of Sussex, the resort of both counties for cricket matches."</marc:subfield>        
    </marc:datafield>
    <marc:datafield tag="520" ind1=" " ind2=" ">
        <marc:subfield code="a">Footnotes</marc:subfield>
        <marc:subfield code="c">Middle</marc:subfield>
        <marc:subfield code="v">v.2</marc:subfield>
        <marc:subfield code="x">Transcription of footnote on p.3: "When the ruins came to be cleared away, says Sir William Hamilton, the bodies of the men who had perished were universally found in the attitude of resistance; the women in that of prayer, unless it was those who had children with them, in which cafe they were observed to have taken such postures as were likely to shelter and protect them." Transcription of footnote on p.30: "A Carlini is 5d. in English"</marc:subfield>        
    </marc:datafield> 
    <marc:datafield tag="592" ind1=" " ind2=" ">
        <marc:subfield code="a">Third-person</marc:subfield>
        <marc:subfield code="b">Letters</marc:subfield>
    </marc:datafield>
	<marc:datafield tag="594" ind1=" " ind2=" ">
        <marc:subfield code="a">Charlotte..LeConte</marc:subfield>
        <marc:subfield code="b">Ink</marc:subfield>
        <marc:subfield code="x">Location: pg. 1</marc:subfield>
        <marc:subfield code="v">v.1</marc:subfield>
        <marc:subfield code="v">v.2</marc:subfield>
    </marc:datafield>
    <marc:datafield tag="594" ind1=" " ind2=" ">
        <marc:subfield code="a">Mary H Penington</marc:subfield>
        <marc:subfield code="b">Pencil</marc:subfield>
        <marc:subfield code="x">Location: Half title page</marc:subfield>
        <marc:subfield code="v">v.2</marc:subfield>
    </marc:datafield>
     <marc:datafield tag="595" ind1=" " ind2=" ">
        <marc:subfield code="a">Pencil</marc:subfield>
        <marc:subfield code="b">Words</marc:subfield>
        <marc:subfield code="v">v.2</marc:subfield>
        <marc:subfield code="x">In pencil on p. 45: "Montalbert"</marc:subfield>
    </marc:datafield>
    <marc:datafield tag="599" ind1=" " ind2=" ">
        <marc:subfield code="a">Author (text)</marc:subfield>
        <marc:subfield code="b">Proper name</marc:subfield>
        <marc:subfield code="2">Charlotte Smith</marc:subfield>
        <marc:subfield code="3">Title Page</marc:subfield>
        <marc:subfield code="5">Female</marc:subfield>
        <marc:subfield code="6">Female</marc:subfield>
        <marc:subfield code="v">v.1</marc:subfield>
        <marc:subfield code="v">v.2</marc:subfield>
    </marc:datafield> 
    <marc:datafield tag="650" ind1=" " ind2="4">
        <marc:subfield code="a">CHR 1795</marc:subfield>
    </marc:datafield>
    <marc:datafield tag="650" ind1=" " ind2="4">
        <marc:subfield code="a">PRO Singer, Jacob (donor)</marc:subfield>
    </marc:datafield>
    <marc:datafield tag="650" ind1=" " ind2="4">
        <marc:subfield code="a">PRO Singer, Leah (donor)</marc:subfield>
    </marc:datafield>
    <marc:datafield tag="650" ind1=" " ind2="4">
        <marc:subfield code="a">PRO Singer, Godfrey F. (honoree)</marc:subfield>
    </marc:datafield>
    <marc:datafield tag="650" ind1=" " ind2="4">
        <marc:subfield code="a">PRO LeConte, Elizabeth (Stamp)</marc:subfield>
    </marc:datafield>
    <marc:datafield tag="650" ind1=" " ind2="4">
        <marc:subfield code="a">PRO Penington, Mary H. (Autograph)</marc:subfield>
    </marc:datafield>
    <marc:datafield tag="700" ind1=" " ind2=" ">
        <marc:subfield code="a">Smith, Charlotte</marc:subfield>
        <marc:subfield code="d">1749-1806</marc:subfield>
        <marc:subfield code="4">Author (text)</marc:subfield>
        <marc:subfield code="5">Authorized</marc:subfield>
    </marc:datafield>
    <marc:datafield tag="700" ind1=" " ind2=" ">
        <marc:subfield code="a">Wogan, Patrick</marc:subfield>
        <marc:subfield code="4">Printed for</marc:subfield>
        <marc:subfield code="5">Authorized</marc:subfield>
    </marc:datafield>
    <marc:datafield tag="700" ind1=" " ind2=" ">
        <marc:subfield code="a">Byrne, Patrick</marc:subfield>
		<marc:subfield code="d">1741?-1814</marc:subfield>
        <marc:subfield code="4">Printed for</marc:subfield>
        <marc:subfield code="5">Authorized</marc:subfield>
    </marc:datafield>
    <marc:datafield tag="700" ind1=" " ind2=" ">
        <marc:subfield code="a">Jones, William</marc:subfield>
		<marc:subfield code="d">1762-1846</marc:subfield>
        <marc:subfield code="4">Printed for</marc:subfield>
        <marc:subfield code="5">Authorized</marc:subfield>
    </marc:datafield>
    <marc:datafield tag="700" ind1=" " ind2=" ">
        <marc:subfield code="a">J. Rice</marc:subfield>
        <marc:subfield code="4">Printed for</marc:subfield>
        <marc:subfield code="5">Unauthorized</marc:subfield>
    </marc:datafield>
    <marc:datafield tag="700" ind1=" " ind2=" ">
        <marc:subfield code="a">J. Moore</marc:subfield>
        <marc:subfield code="4">Printed for</marc:subfield>
        <marc:subfield code="5">Unauthorized</marc:subfield>
    </marc:datafield>
    <marc:datafield tag="700" ind1=" " ind2=" ">
        <marc:subfield code="a">Porter, William</marc:subfield>
		<marc:subfield code="d">1757-1841</marc:subfield>
        <marc:subfield code="4">Printed for</marc:subfield>
        <marc:subfield code="5">Authorized</marc:subfield>
    </marc:datafield>
    <marc:datafield tag="700" ind1=" " ind2=" ">
        <marc:subfield code="a">Colbert, H. (Harriot)</marc:subfield>
		<marc:subfield code="d">1786-1807</marc:subfield>
        <marc:subfield code="4">Printed for</marc:subfield>
        <marc:subfield code="5">Authorized</marc:subfield>
    </marc:datafield>
    <marc:datafield tag="700" ind1=" " ind2=" ">
        <marc:subfield code="a">Fitzpatrick, Hugh</marc:subfield>
		<marc:subfield code="d">-1818</marc:subfield>
        <marc:subfield code="4">Printed for</marc:subfield>
        <marc:subfield code="5">Authorized</marc:subfield>
    </marc:datafield>
    <marc:datafield tag="700" ind1=" " ind2=" ">
        <marc:subfield code="a">Folingsby, George</marc:subfield>
        <marc:subfield code="4">Printed for</marc:subfield>
        <marc:subfield code="5">Authorized</marc:subfield>
    </marc:datafield>
    <marc:datafield tag="700" ind1=" " ind2=" ">
        <marc:subfield code="a">Charlotte Leconte</marc:subfield>
        <marc:subfield code="4">Inscribed by</marc:subfield>
        <marc:subfield code="5">Unauthorized</marc:subfield>
    </marc:datafield>
	<marc:datafield tag="700" ind1=" " ind2=" ">
		<marc:subfield code="a">Mary H. Penington</marc:subfield>
		<marc:subfield code="4">Inscribed by</marc:subfield>
		<marc:subfield code="5">Unauthorized</marc:subfield>
	</marc:datafield>
    <marc:datafield tag="710" ind1="2" ind2=" ">
        <marc:subfield code="a">Early Novels</marc:subfield>
        <marc:subfield code="5">University of Pennsylvania</marc:subfield>
    </marc:datafield>
    <marc:datafield tag="710" ind1="2" ind2=" ">
        <marc:subfield code="a">Collection of British and American Fiction, 1660-1830 (University of Pennsylvania)</marc:subfield>
        <marc:subfield code="5">PU</marc:subfield>
    </marc:datafield>
    <marc:datafield tag="752" ind1=" " ind2=" ">
        <marc:subfield code="a">Ireland</marc:subfield>
        <marc:subfield code="d">Dublin.</marc:subfield>
    </marc:datafield>
    <marc:datafield tag="950" ind1=" " ind2=" ">
        <marc:subfield code="l">RBC</marc:subfield>
        <marc:subfield code="e">\\Singer-\Menden-\hall\</marc:subfield>
        <marc:subfield code="v">2 v.</marc:subfield>
        <marc:subfield code="i">10/17/86 C</marc:subfield>
    </marc:datafield>
    <marc:datafield tag="955" ind1=" " ind2=" ">
        <marc:subfield code="l">RBC</marc:subfield>
        <marc:subfield code="c">1:(v.1-2)</marc:subfield>
        <marc:subfield code="q">726425-6</marc:subfield>
        <marc:subfield code="q">g. Mr. and Mrs. Jacob Singer</marc:subfield>
        <marc:subfield code="s">Ex libris: LeConte, Elizabeth</marc:subfield>
        <marc:subfield code="s">Ex libris: Penington, Mary H.</marc:subfield>
        <marc:subfield code="i">10/17/86 C</marc:subfield>
    </marc:datafield>
    <marc:datafield tag="989" ind1=" " ind2=" ">
		<marc:subfield code="2">Novel</marc:subfield>
		<marc:subfield code="2">Volume</marc:subfield>
        <marc:subfield code="3">Two</marc:subfield>
        <marc:subfield code="5">Charlotte Smith</marc:subfield>
        <marc:subfield code="5">Montalbert</marc:subfield>
    </marc:datafield>
    <marc:datafield tag="999" ind1=" " ind2=" ">
        <marc:subfield code="a">IC</marc:subfield>
        <marc:subfield code="b">6/7/18</marc:subfield>
        <marc:subfield code="c">University of Pennslyvania</marc:subfield>
		<marc:subfield code="d">OF</marc:subfield>
    </marc:datafield>
</marc:record>