
<marc:record>
	<marc:leader>01431cam a2200361 a 4500</marc:leader>
	<marc:controlfield tag="001">991066683503681</marc:controlfield>
	<marc:controlfield tag="005">20141119180213.0</marc:controlfield>
	<marc:controlfield tag="008">861015s1795    enk           00000 eng d</marc:controlfield>
	<marc:datafield tag="035" ind1=" " ind2=" ">
		<marc:subfield code="a">(OCoLC)ocm83192513</marc:subfield>
	</marc:datafield>
	<marc:datafield tag="035" ind1=" " ind2=" ">
		<marc:subfield code="a">(OCoLC)83192513</marc:subfield>
	</marc:datafield>	
	<marc:datafield tag="035" ind1=" " ind2=" ">
		<marc:subfield code="a">(CStRLIN)PAUG86-B44525</marc:subfield>
	</marc:datafield>	
	<marc:datafield tag="035" ind1=" " ind2=" ">
		<marc:subfield code="a">(CaOTULAS)146816832</marc:subfield>
	</marc:datafield>	
	<marc:datafield tag="035" ind1=" " ind2=" ">
		<marc:subfield code="9">AAQ1639</marc:subfield>
	</marc:datafield>	
	<marc:datafield tag="035" ind1=" " ind2=" ">
		<marc:subfield code="a">106668</marc:subfield>
	</marc:datafield>
		<marc:datafield tag="035" ind1=" " ind2=" ">
		<marc:subfield code="a">(PU)106668-penndb-Voyager</marc:subfield>
	</marc:datafield>
	<marc:datafield tag="035" ind1=" " ind2=" ">
		<marc:subfield code="a">(PennHoldings)129938</marc:subfield>
	</marc:datafield>	
	<marc:datafield tag="040" ind1=" " ind2=" ">
		<marc:subfield code="a">PU</marc:subfield>
		<marc:subfield code="c">PU</marc:subfield>
	</marc:datafield>	
	<marc:datafield tag="090" ind1=" " ind2=" ">
		<marc:subfield code="a">PR3991.A1</marc:subfield>
		<marc:subfield code="b">R52 1795</marc:subfield>
		<marc:subfield code="i">10/16/86 CT</marc:subfield>
	</marc:datafield>
	<marc:datafield tag="245" ind1="0" ind2="0">
		<marc:subfield code="a">Robert and Adela, or, The rights of women best maintained by the sentiments of nature :</marc:subfield>
		<marc:subfield code="b">in three volumes.</marc:subfield>
	</marc:datafield>
	<marc:datafield tag="246" ind1=" " ind2=" ">
		<marc:subfield code="a">Robert and Adela: or, the rights of women best maintained by the sentiments of nature. In three volumes. Volume I.</marc:subfield>
		<marc:subfield code="d">Letter-press</marc:subfield>
		<marc:subfield code="g">Full</marc:subfield>
		<marc:subfield code="x">Volume</marc:subfield>
		<marc:subfield code="v">v.1</marc:subfield>
	</marc:datafield>
	<marc:datafield tag="246" ind1=" " ind2=" ">
		<marc:subfield code="a">Robert and Adela: or, the rights of women best maintained by the sentiments of nature. In three volumes. Volume II.</marc:subfield>
		<marc:subfield code="d">Letter-press</marc:subfield>
		<marc:subfield code="g">Full</marc:subfield>
		<marc:subfield code="x">Volume</marc:subfield>
		<marc:subfield code="v">v.2</marc:subfield>
	</marc:datafield>
	<marc:datafield tag="246" ind1=" " ind2=" ">
		<marc:subfield code="a">Robert and Adela: or, the rights of women best maintained by the sentiments of nature. In three volumes. Volume III.</marc:subfield>
		<marc:subfield code="d">Letter-press</marc:subfield>
		<marc:subfield code="g">Full</marc:subfield>
		<marc:subfield code="x">Volume</marc:subfield>
		<marc:subfield code="v">v.3</marc:subfield>
	</marc:datafield>
	<marc:datafield tag="246" ind1="0" ind2="7">
		<marc:subfield code="a">Robert and Adela</marc:subfield>
		<marc:subfield code="v">v.1</marc:subfield>
		<marc:subfield code="v">v.2</marc:subfield>
		<marc:subfield code="v">v.3</marc:subfield>
	</marc:datafield>
	<marc:datafield tag="246" ind1="0" ind2="7">
		<marc:subfield code="a">Robert and Adela (recto)</marc:subfield>
		<marc:subfield code="a">Robert and Adela (verso)</marc:subfield>
		<marc:subfield code="v">v.1</marc:subfield>
		<marc:subfield code="v">v.2</marc:subfield>
		<marc:subfield code="v">v.3</marc:subfield>
	</marc:datafield>
	<marc:datafield tag="260" ind1=" " ind2=" ">
		<marc:subfield code="a">London</marc:subfield>
		<marc:subfield code="b">Printed for G.G. and J. Robinson, Pater-Noster-Row.</marc:subfield>
		<marc:subfield code="c">1795</marc:subfield>
		<marc:subfield code="c">M DCC XCV.</marc:subfield>
		<marc:subfield code="v">v.1</marc:subfield>
		<marc:subfield code="v">v.2</marc:subfield>
		<marc:subfield code="v">v.3</marc:subfield>
	</marc:datafield>
	<marc:datafield tag="300" ind1=" " ind2=" ">
		<marc:subfield code="a">3 v. ;</marc:subfield>
		<marc:subfield code="c">19 cm. (12mo)</marc:subfield>
		<marc:subfield code="x">Duodecimo</marc:subfield>
		<marc:subfield code="z">In three volumes.</marc:subfield>
	</marc:datafield>
	<marc:datafield tag="400" ind1=" " ind2=" ">
		<marc:subfield code="a">Rare Book Collection</marc:subfield>
	</marc:datafield>
	<marc:datafield tag="500" ind1=" " ind2=" ">
		<marc:subfield code="a">An epistolary novel.</marc:subfield>
	</marc:datafield>
	<marc:datafield tag="500" ind1=" " ind2=" ">
		<marc:subfield code="a">Damaged book plate advertisement on front paste-down endpages of vols. 1, 2 and 3. Transcription: "Circulating Library of W. Keymer, bookseller, High-street Colchester;where may be had the greatest variety of novels, plays, and all new and entertaining publications, to reader by the night or quarter. Printing in general is neatly and correctly executed. Book-binding in all its various branches is performed with neatness and expedition. Accompt books ruled to the pattern, bound in leather, parchment, or vellum. Sells all sorts of writing paper, with every article in the stationary branch. Magazines, reviews, and all other periodical publications, may be had as soon as published, and great care taken of the delivery. All sorts of medicines usualy sold by stationers."</marc:subfield>
	</marc:datafield>
	<marc:datafield tag="500" ind1=" " ind2=" ">
		<marc:subfield code="a">The marginalia on the title page of v. 2 is a reference to a passage in "The Sphinx and other Allegorical Lozenges". Transcription of original passage: "Envy and fear, and heart-corroding care, with cursed hate and malice triumph here."</marc:subfield>
	</marc:datafield>
	<marc:datafield tag="500" ind1=" " ind2=" ">
		<marc:subfield code="a">Error on running title in v.2 p.21, transcription: "Robert and Adel."</marc:subfield>
	</marc:datafield>
	<marc:datafield tag="510" ind1="4" ind2=" ">
		<marc:subfield code="a">ESTC (RLIN)</marc:subfield>
		<marc:subfield code="c">N13038</marc:subfield>
	</marc:datafield>
	<marc:datafield tag="510" ind1="4" ind2=" ">
		<marc:subfield code="a">English novel, 1770-1829,</marc:subfield>
		<marc:subfield code="c">1795:43</marc:subfield>
	</marc:datafield>
	<marc:datafield tag="592"  ind1=" " ind2=" ">
		<marc:subfield code="a">Epistolary</marc:subfield>
		<marc:subfield code="b">First-person</marc:subfield>
	</marc:datafield>
	<marc:datafield tag="595" ind1=" " ind2=" ">
		<marc:subfield code="a">Ink</marc:subfield>
		<marc:subfield code="b">Words</marc:subfield>
		<marc:subfield code="v">v.2</marc:subfield>
		<marc:subfield code="x">Found on title page: "Deceit and jealousy and heart corroding care\Hatred and pale eyed envy ever triumph there"</marc:subfield>
		<marc:subfield code="x">Marginalia probably a reference to a quote from "The Sphinx and Allegorical Lozenges"</marc:subfield>
	</marc:datafield>
	<marc:datafield tag="595" ind1=" " ind2=" ">
		<marc:subfield code="a">Pencil</marc:subfield>
		<marc:subfield code="b">Words</marc:subfield>
		<marc:subfield code="v">v.2</marc:subfield>
		<marc:subfield code="x">Found on pg. 156: "I was in love with a Julia but"</marc:subfield>	
	</marc:datafield>
	<marc:datafield tag="595" ind1=" " ind2=" ">
		<marc:subfield code="a">Pencil</marc:subfield>
		<marc:subfield code="b">Words</marc:subfield>
		<marc:subfield code="v">v.2</marc:subfield>
		<marc:subfield code="x">Found on pg. 165: "(unintelligible) was not summer ville. (unintelligible) Lord he love Sabina and he is a good man."</marc:subfield>
	</marc:datafield>
	<marc:datafield tag="595" ind1=" " ind2=" ">
		<marc:subfield code="a">Ink</marc:subfield>
		<marc:subfield code="b">Words</marc:subfield>
		<marc:subfield code="v">v.2</marc:subfield>
		<marc:subfield code="x">Found on pg. 288: "Thus we may see the women have their righ(t) yet they afford to all men much their delig(ht)."</marc:subfield>
	</marc:datafield>		
	<marc:datafield tag="650" ind1=" " ind2="4">
		<marc:subfield code="a">CHR 1795</marc:subfield>
	</marc:datafield>
	<marc:datafield tag="650" ind1=" " ind2="4">
		<marc:subfield code="a">PRO Singer, Jacob (donor)</marc:subfield>
	</marc:datafield>
	<marc:datafield tag="650" ind1=" " ind2="4">
		<marc:subfield code="a">PRO Singer, Leah (donor)</marc:subfield>
	</marc:datafield>
	<marc:datafield tag="650" ind1=" " ind2="4">
		<marc:subfield code="a">PRO Singer, Godfrey F. (honoree)</marc:subfield>
	</marc:datafield>
	<marc:datafield tag="650" ind1=" " ind2="4">
		<marc:subfield code="a">PRO W. Keymer Circulating Library (Bookplate)</marc:subfield>
	</marc:datafield>
	<marc:datafield tag="655" ind1=" " ind2="7">
		<marc:subfield code="a">Epistolary fiction</marc:subfield>
		<marc:subfield code="z">England</marc:subfield>
		<marc:subfield code="y">18th century.</marc:subfield>
		<marc:subfield code="2">rbgenr</marc:subfield>
	</marc:datafield>
	<marc:datafield tag="656" ind1=" " ind2=" ">
		<marc:subfield code="a">Miscellaneous</marc:subfield>
		<marc:subfield code="b">Front</marc:subfield>
		<marc:subfield code="c">Same library</marc:subfield>
		<marc:subfield code="v">v.1</marc:subfield>
		<marc:subfield code="v">v.2</marc:subfield>
		<marc:subfield code="v">v.3</marc:subfield>
	</marc:datafield>
	<marc:datafield tag="700" ind1=" " ind2=" ">
		<marc:subfield code="a">Robinson, George</marc:subfield>
		<marc:subfield code="d">-1811</marc:subfield>
		<marc:subfield code="4">Printed for</marc:subfield>
		<marc:subfield code="5">Authorized</marc:subfield>
	</marc:datafield>
	<marc:datafield tag="700" ind1=" " ind2=" ">
		<marc:subfield code="a">Robinson, George</marc:subfield>
		<marc:subfield code="d">1736-1801</marc:subfield>
		<marc:subfield code="4">Printed for</marc:subfield>
		<marc:subfield code="5">Authorized</marc:subfield>
	</marc:datafield>
	<marc:datafield tag="700" ind1=" " ind2=" ">
		<marc:subfield code="a">Robinson, John</marc:subfield>
		<marc:subfield code="d">1753-1813</marc:subfield>
		<marc:subfield code="4">Printed for</marc:subfield>
		<marc:subfield code="5">Authorized</marc:subfield>
	</marc:datafield>
	<marc:datafield tag="700" ind1=" " ind2=" ">
		<marc:subfield code="a">W. Keymer</marc:subfield>
		<marc:subfield code="4">Author (bookplate)</marc:subfield>
		<marc:subfield code="5">Unauthorized</marc:subfield>
	</marc:datafield>
	<marc:datafield tag="710" ind1=" " ind2=" ">
		<marc:subfield code="a">G. G. and J. Robinson</marc:subfield>
		<marc:subfield code="4">Printed for</marc:subfield>
		<marc:subfield code="5">Authorized</marc:subfield>
	</marc:datafield>		
	<marc:datafield tag="710" ind1="2" ind2=" ">
		<marc:subfield code="a">Collection of British and American Fiction, 1660-1830 (University of Pennsylvania)</marc:subfield>
		<marc:subfield code="5">PU</marc:subfield>
	</marc:datafield>
	
	<marc:datafield tag="710" ind1="2" ind2=" ">
		<marc:subfield code="a">Early Novels Database</marc:subfield>
		<marc:subfield code="5">University of Pennsylvania</marc:subfield>
	</marc:datafield>
	
	<marc:datafield tag="740" ind1="0" ind2="2">
		<marc:subfield code="a">Rights of women best maintained by the sentiments of nature.</marc:subfield>
	</marc:datafield>
	
	<marc:datafield tag="752" ind1=" " ind2=" ">
		<marc:subfield code="a">England</marc:subfield>
		<marc:subfield code="d">London.</marc:subfield>
	</marc:datafield>
	
	<marc:datafield tag="950" ind1=" " ind2=" ">
		<marc:subfield code="l">RBC</marc:subfield>
		<marc:subfield code="e">\\Singer-\Menden-\hall\</marc:subfield>
		<marc:subfield code="v">3 v.</marc:subfield>
		<marc:subfield code="i">10/16/86 C</marc:subfield>
	</marc:datafield>
	<marc:datafield tag="955" ind1=" " ind2=" ">
		<marc:subfield code="l">RBC</marc:subfield>
		<marc:subfield code="c">1:(v.1-3)</marc:subfield>
		<marc:subfield code="q">725173-5</marc:subfield>
		<marc:subfield code="q">g. Mr. and Mrs. Jacob Singer</marc:subfield>
		<marc:subfield code="s">Ex libris: W. Keymer Circulating Library</marc:subfield>
		<marc:subfield code="i">10/16/86 C</marc:subfield>
	</marc:datafield>
	<marc:datafield tag="989" ind1=" " ind2=" ">
		<marc:subfield code="2">Right</marc:subfield>
		<marc:subfield code="2">Woman</marc:subfield>
		<marc:subfield code="2">Sentiment</marc:subfield>
		<marc:subfield code="2">Nature</marc:subfield>
		<marc:subfield code="3">Best</marc:subfield>
		<marc:subfield code="4">Robert</marc:subfield>
		<marc:subfield code="4">Adela</marc:subfield>
		<marc:subfield code="6">Maintain</marc:subfield>	
	</marc:datafield>
	<marc:datafield tag="999" ind1=" " ind2=" ">
		<marc:subfield code="a">DPL</marc:subfield>
		<marc:subfield code="b">6/15/18</marc:subfield>
		<marc:subfield code="c">University of Pennsylvania</marc:subfield>
		<marc:subfield code="d">IC</marc:subfield>
	</marc:datafield>
</marc:record>