<marc:record>
	<marc:leader>01176cam a2200301 a 4500</marc:leader>
	<marc:controlfield tag="001">991077363503681</marc:controlfield>
	<marc:controlfield tag="005">20141120100602.0</marc:controlfield>
	<marc:controlfield tag="008">861030s1795    enk           00010 eng d</marc:controlfield>
	<marc:datafield tag="035" ind1=" " ind2=" ">
		<marc:subfield code="a">(OCoLC)ocn186337245</marc:subfield>
	</marc:datafield>
	<marc:datafield tag="035" ind1=" " ind2=" ">
		<marc:subfield code="a">(OCoLC)186337245</marc:subfield>
	</marc:datafield>
	<marc:datafield tag="035" ind1=" " ind2=" ">
		<marc:subfield code="a">(CStRLIN)PAUG86-B46568</marc:subfield>
	</marc:datafield>
	<marc:datafield tag="035" ind1=" " ind2=" ">
		<marc:subfield code="a">(CaOTULAS)185138783</marc:subfield>
	</marc:datafield>
	<marc:datafield tag="035" ind1=" " ind2=" ">
		<marc:subfield code="9">AAQ2761</marc:subfield>
	</marc:datafield>
	<marc:datafield tag="035" ind1=" " ind2=" ">
		<marc:subfield code="a">107736</marc:subfield>
	</marc:datafield>
	<marc:datafield tag="035" ind1=" " ind2=" ">
		<marc:subfield code="a">(PU)107736-penndb-Voyager</marc:subfield>
	</marc:datafield>
	<marc:datafield tag="035" ind1=" " ind2=" ">
		<marc:subfield code="a">(PennHoldings)131155</marc:subfield>
	</marc:datafield>
	<marc:datafield tag="040" ind1=" " ind2=" ">
		<marc:subfield code="a">PU</marc:subfield>
		<marc:subfield code="c">PU</marc:subfield>
	</marc:datafield>
	<marc:datafield tag="090" ind1=" " ind2=" ">
		<marc:subfield code="a">PR3779.Y4</marc:subfield>
		<marc:subfield code="b">R7 1795</marc:subfield>
		<marc:subfield code="i">11/25/87 CT</marc:subfield>
		<marc:subfield code="h">10/30/86 CT</marc:subfield>
	</marc:datafield>
	<marc:datafield tag="100" ind1="1" ind2="0">
		<marc:subfield code="a">Yearsley, Ann,</marc:subfield>
		<marc:subfield code="d">1753-1806.</marc:subfield>
	</marc:datafield>
	<marc:datafield tag="245" ind1="1" ind2="4">
		<marc:subfield code="a">The royal captives :</marc:subfield>
		<marc:subfield code="b">a fragment of secret history /</marc:subfield>
		<marc:subfield code="c">copied from an old manuscript by Ann Yearsley.</marc:subfield>
	</marc:datafield>
	<marc:datafield tag="246" ind1=" " ind2=" ">
        <marc:subfield code="a">The royal captives. Volume I.</marc:subfield>
        <marc:subfield code="d">Letter-press</marc:subfield>
        <marc:subfield code="g">Half</marc:subfield>
        <marc:subfield code="x">Volume</marc:subfield>
        <marc:subfield code="v">v.1</marc:subfield>
    </marc:datafield>
	    <marc:datafield tag="246" ind1=" " ind2=" ">
        <marc:subfield code="a">The royal captives: A fragment of secret history. Copied from old manuscript, by Ann Yearsley. Volume I.</marc:subfield>
        <marc:subfield code="d">Letter-press</marc:subfield>
        <marc:subfield code="g">Full</marc:subfield>
        <marc:subfield code="x">Volume</marc:subfield>
        <marc:subfield code="v">v.1</marc:subfield>
    </marc:datafield>
    <marc:datafield tag="246" ind1=" " ind2=" ">
        <marc:subfield code="a">The royal captives. Volume II.</marc:subfield>
        <marc:subfield code="d">Letter-press</marc:subfield>
        <marc:subfield code="g">Half</marc:subfield>
        <marc:subfield code="x">Volume</marc:subfield>
        <marc:subfield code="v">v.2</marc:subfield>
    </marc:datafield>
	    <marc:datafield tag="246" ind1=" " ind2=" ">
        <marc:subfield code="a">The royal captives: A fragment of secret history. Copied from old manuscript, by Ann Yearsley. Volume II.</marc:subfield>
        <marc:subfield code="d">Letter-press</marc:subfield>
        <marc:subfield code="g">Full</marc:subfield>
        <marc:subfield code="x">Volume</marc:subfield>
        <marc:subfield code="v">v.2</marc:subfield>
    </marc:datafield>
    <marc:datafield tag="246" ind1=" " ind2=" ">
        <marc:subfield code="a">The royal captives. Volume III.</marc:subfield>
        <marc:subfield code="d">Letter-press</marc:subfield>
        <marc:subfield code="g">Half</marc:subfield>
        <marc:subfield code="x">Volume</marc:subfield>
        <marc:subfield code="v">v.3</marc:subfield>
    </marc:datafield>
	    <marc:datafield tag="246" ind1=" " ind2=" ">
        <marc:subfield code="a">The royal captives: A fragment of secret history. Copied from old manuscript, by Ann Yearsley. Volume III.</marc:subfield>
        <marc:subfield code="d">Letter-press</marc:subfield>
        <marc:subfield code="g">Full</marc:subfield>
        <marc:subfield code="x">Volume</marc:subfield>
        <marc:subfield code="v">v.3</marc:subfield>
    </marc:datafield>
    <marc:datafield tag="246" ind1=" " ind2=" ">
        <marc:subfield code="a">The Royal Captives. Volume IV.</marc:subfield>
        <marc:subfield code="d">Letter-press</marc:subfield>
        <marc:subfield code="g">Half</marc:subfield>
        <marc:subfield code="x">Volume</marc:subfield>
        <marc:subfield code="v">v.4</marc:subfield>
    </marc:datafield>
    <marc:datafield tag="246" ind1=" " ind2=" ">
        <marc:subfield code="a">The royal captives: A fragment of secret history. Copied from old manuscript, by Ann Yearsley. Volume IV.</marc:subfield>
        <marc:subfield code="d">Letter-press</marc:subfield>
        <marc:subfield code="g">Full</marc:subfield>
        <marc:subfield code="x">Volume</marc:subfield>
        <marc:subfield code="v">v.4</marc:subfield>
    </marc:datafield>
    <marc:datafield tag="246" ind1="0" ind2="7">
        <marc:subfield code="a">The royal captives.</marc:subfield>
        <marc:subfield code="v">v.1</marc:subfield>
        <marc:subfield code="v">v.2</marc:subfield>
        <marc:subfield code="v">v.3</marc:subfield>
        <marc:subfield code="v">v.4</marc:subfield>
    </marc:datafield>
    <marc:datafield tag="246" ind1="0" ind2="7">
        <marc:subfield code="a">The royal captives. (verso)</marc:subfield>
        <marc:subfield code="a">The royal captives. (recto)</marc:subfield>
        <marc:subfield code="v">v.1</marc:subfield>
        <marc:subfield code="v">v.2</marc:subfield>
        <marc:subfield code="v">v.3</marc:subfield>
        <marc:subfield code="v">v.4</marc:subfield>
    </marc:datafield>
	<marc:datafield tag="260" ind1="0" ind2=" ">
		<marc:subfield code="a">London</marc:subfield>
		<marc:subfield code="b">Printed for G. G. and J. Robinson, Pater-Noster Row.</marc:subfield>
		<marc:subfield code="c">1795</marc:subfield>
		<marc:subfield code="c">M DCC XCV.</marc:subfield>
	</marc:datafield>
	<marc:datafield tag="300" ind1=" " ind2=" ">
		<marc:subfield code="a">4 v. ;</marc:subfield>
		<marc:subfield code="c">18 cm. (12mo)</marc:subfield>
		<marc:subfield code="x">Duodecimo</marc:subfield>
	</marc:datafield>
	<marc:datafield tag="510" ind1="4" ind2=" ">
		<marc:subfield code="a">ESTC (RLIN)</marc:subfield>
		<marc:subfield code="c">T57814</marc:subfield>
	</marc:datafield>
	<marc:datafield tag="510" ind1="4" ind2=" ">
		<marc:subfield code="a">English novel, 1770-1829,</marc:subfield>
		<marc:subfield code="c">1795:50</marc:subfield>
	</marc:datafield>
	<marc:datafield tag="510" ind1="4" ind2=" ">
		<marc:subfield code="a">Block, A.  Engl. novel (1961 ed.),</marc:subfield>
		<marc:subfield code="c">p.257</marc:subfield>
	</marc:datafield>
	<marc:datafield tag="520" ind1=" " ind2=" ">
        <marc:subfield code="a">Preface</marc:subfield>
        <marc:subfield code="b">Preface.</marc:subfield>
        <marc:subfield code="c">Front</marc:subfield>
        <marc:subfield code="v">v.1</marc:subfield>
        <marc:subfield code="x">Transcription of first sentence: "'To be, or not to be, that is the question.' When Shakespeare wrote this line, he had lost fight of congregated Nature; since, to exist, or not to exist, can never be a question from existing substance." Signed: "Ann Yearsley." </marc:subfield>  
   	</marc:datafield>
   	<marc:datafield tag="520" ind1=" " ind2=" ">
        <marc:subfield code="a">Poem</marc:subfield>
        <marc:subfield code="b">An Original: or the Elegy of Laura, turned to the Harp of Apollo.</marc:subfield>
        <marc:subfield code="c">Middle</marc:subfield>
        <marc:subfield code="v">v.1</marc:subfield>
        <marc:subfield code="x">Located on pgs. 170-180. Transcription of first sentence: The lovely Laura early was beguil'd--- By genius and by hope-She mourn'd her lot;--- Saw splendour rise beyond her native world,--- Panted for fame, and rashly left her cot.</marc:subfield>     
   	</marc:datafield>
   	<marc:datafield tag="520" ind1=" " ind2=" ">
        <marc:subfield code="a">Footnotes</marc:subfield>
        <marc:subfield code="c">Middle</marc:subfield>
        <marc:subfield code="v">v.1</marc:subfield>
        <marc:subfield code="x">Transcription of footnote on p.173: "This was not meant to be Petrarch's Laura: the Bard seems to have thoughtlessly struck on the same name in the beginning of her Elegy. Note of the Editor."</marc:subfield>     
   	</marc:datafield>
   	<marc:datafield tag="591" ind1=" " ind2=" ">
        <marc:subfield code="a">Dear spirit of refinement!--- From where thou hast chosen thy pure celestial--- dwelling, descend!--- From thee, bright form of innocence,--- Fly the brutal shadows that darkens the bosom of man.--- Thine are the grand, the energetic, the invisible;--- Thou art the soul of the world!</marc:subfield>
        <marc:subfield code="1">Vide Page 89.</marc:subfield>
        <marc:subfield code="v">v.1</marc:subfield>
        <marc:subfield code="v">v.2</marc:subfield>
        <marc:subfield code="v">v.3</marc:subfield>
        <marc:subfield code="v">v.4</marc:subfield>
    </marc:datafield>
    <marc:datafield tag="592" ind1=" " ind2=" ">
        <marc:subfield code="a">First-person</marc:subfield>
    </marc:datafield>
	<marc:datafield tag="594" ind1=" " ind2=" ">
		<marc:subfield code="a">Appleby Book Club Proposed by M" Bushby. Recd. December 1795. This book may be kept 7 days. The 4 vols ---14---</marc:subfield>
		<marc:subfield code="b">Ink</marc:subfield>
		<marc:subfield code="x">Front pastedown endpaper</marc:subfield>
		<marc:subfield code="v">v.1</marc:subfield>
	</marc:datafield>
	<marc:datafield tag="594" ind1=" " ind2=" ">
		<marc:subfield code="a">Appleby Book Club Proposed by M. Bushby Received Jan. 5 1796. This vol may be kept 7 days The 4 vols ------ 14 ---.</marc:subfield>
		<marc:subfield code="b">Ink</marc:subfield>
		<marc:subfield code="x">Front pastedown endpaper</marc:subfield>
		<marc:subfield code="v">v.2</marc:subfield>
		<marc:subfield code="v">v.3</marc:subfield>
		<marc:subfield code="v">v.3</marc:subfield>
	</marc:datafield>
	<marc:datafield tag="594" ind1=" " ind2=" ">
		<marc:subfield code="a">Jane Wilkinson Warren Hall May 11th 1823</marc:subfield>
		<marc:subfield code="b">Ink</marc:subfield>
		<marc:subfield code="x">Front free endpaper</marc:subfield>
		<marc:subfield code="v">v.2</marc:subfield>
	</marc:datafield>
	<marc:datafield tag="595" ind1=" " ind2=" ">
		<marc:subfield code="a">Ink</marc:subfield>
		<marc:subfield code="b">Numbers</marc:subfield>
		<marc:subfield code="x">Front pastedown endpaper: "4 Volumes 12/ Binding 3/ 15/" (seems to be a calculation of cost--12 + 3 = 15)</marc:subfield>
		<marc:subfield code="v">v.1</marc:subfield>
		<marc:subfield code="v">v.2</marc:subfield>
		<marc:subfield code="v">v.3</marc:subfield>
		<marc:subfield code="v">v.4</marc:subfield>
	</marc:datafield>
	<marc:datafield tag="595" ind1=" " ind2=" ">
		<marc:subfield code="a">Pencil</marc:subfield>
		<marc:subfield code="b">Words</marc:subfield>
		<marc:subfield code="x">Front free endpaper. "Generally sold as a 2 vol. book.</marc:subfield>
		<marc:subfield code="v">v.1</marc:subfield>
	</marc:datafield>
	<marc:datafield tag="595" ind1=" " ind2=" ">
		<marc:subfield code="a">Pencil</marc:subfield>
		<marc:subfield code="b">Numbers</marc:subfield>
		<marc:subfield code="x">Front free endpaper. Subtraction equations, seem to be years. (e.g. 1820-1762 = 58, 58 + 24 = 82)</marc:subfield>
		<marc:subfield code="v">v.3</marc:subfield>
	</marc:datafield>
    <marc:datafield tag="599" ind1=" " ind2=" ">
        <marc:subfield code="a">Author (text)</marc:subfield>
        <marc:subfield code="b">Proper name</marc:subfield>
        <marc:subfield code="2">By Ann Yearsley</marc:subfield>
        <marc:subfield code="3">Title Page</marc:subfield>
        <marc:subfield code="5">Female</marc:subfield>
        <marc:subfield code="6">Female</marc:subfield>
        <marc:subfield code="v">v.1</marc:subfield>
        <marc:subfield code="v">v.2</marc:subfield>
        <marc:subfield code="v">v.3</marc:subfield>
        <marc:subfield code="v">v.4</marc:subfield>
    </marc:datafield> 
    <marc:datafield tag="599" ind1=" " ind2=" ">
        <marc:subfield code="a">Author (paratext)</marc:subfield>
        <marc:subfield code="b">Proper name</marc:subfield>
        <marc:subfield code="2">Ann Yearsley</marc:subfield>
        <marc:subfield code="3">Preface</marc:subfield>
        <marc:subfield code="5">Female</marc:subfield>
        <marc:subfield code="6">Female</marc:subfield>
        <marc:subfield code="v">v.1</marc:subfield>
    </marc:datafield> 
	<marc:datafield tag="599" ind1=" " ind2=" ">
		<marc:subfield code="a">Author (paratext)</marc:subfield>
		<marc:subfield code="b">Generic/Descriptive</marc:subfield>
		<marc:subfield code="2">Note of the editor.</marc:subfield>
		<marc:subfield code="3">Footnote</marc:subfield>
		<marc:subfield code="5">Female</marc:subfield>
		<marc:subfield code="6">Female</marc:subfield>
		<marc:subfield code="v">v.1</marc:subfield>
	</marc:datafield>
	<marc:datafield tag="650" ind1=" " ind2="4">
		<marc:subfield code="a">CHR 1795</marc:subfield>
	</marc:datafield>
	<marc:datafield tag="650" ind1=" " ind2="4">
		<marc:subfield code="a">PRO Appleby Book Club (ms. inscription)</marc:subfield>
	</marc:datafield>
	<marc:datafield tag="700" ind1=" " ind2=" ">
        <marc:subfield code="a">Yearsley, Ann</marc:subfield>
        <marc:subfield code="b">1753-1806</marc:subfield>
        <marc:subfield code="4">Author (text)</marc:subfield>
        <marc:subfield code="5">Authorized</marc:subfield>
    </marc:datafield>
    <marc:datafield tag="700" ind1=" " ind2=" ">
        <marc:subfield code="a">Robinson, George</marc:subfield>
		<marc:subfield code="d">1736-1801</marc:subfield>
        <marc:subfield code="4">Printed for</marc:subfield>
        <marc:subfield code="5">Authorized</marc:subfield>
    </marc:datafield>
	<marc:datafield tag="700" ind1=" " ind2=" ">
        <marc:subfield code="a">Robinson, George</marc:subfield>
		<marc:subfield code="d">176.-1811</marc:subfield>
        <marc:subfield code="4">Printed for</marc:subfield>
        <marc:subfield code="5">Authorized</marc:subfield>
    </marc:datafield>
    <marc:datafield tag="700" ind1=" " ind2=" ">
        <marc:subfield code="a">Robinson, John</marc:subfield>
		<marc:subfield code="d">1752-1813</marc:subfield>
        <marc:subfield code="4">Printed For</marc:subfield>
        <marc:subfield code="5">Authorized</marc:subfield>
    </marc:datafield>
	<marc:datafield tag="700" ind1=" " ind2=" ">
		<marc:subfield code="a">Jane Wilkinson</marc:subfield>
		<marc:subfield code="4">Inscribed by</marc:subfield>
		<marc:subfield code="5">Unauthorized</marc:subfield>
	</marc:datafield>
	<marc:datafield tag="700" ind1=" " ind2=" ">
		<marc:subfield code="a">Warren Hall</marc:subfield>
		<marc:subfield code="4">Inscribed by</marc:subfield>
		<marc:subfield code="5">Unauthorized</marc:subfield>
	</marc:datafield>
	<marc:datafield tag="710" ind1=" " ind2=" ">
        <marc:subfield code="a">G. G. and J. Robinson</marc:subfield>
        <marc:subfield code="4">Printed for</marc:subfield>
		<marc:subfield code="5">Authorized</marc:subfield>
    </marc:datafield>
	<marc:datafield tag="710" ind1=" " ind2=" ">
		<marc:subfield code="a">Appleby Book Club</marc:subfield>
		<marc:subfield code="4">Inscribed by</marc:subfield>
		<marc:subfield code="5">Unauthorized</marc:subfield>
	</marc:datafield>
    <marc:datafield tag="710" ind1="2" ind2=" ">
        <marc:subfield code="a">Early Novels</marc:subfield>
        <marc:subfield code="5">University of Pennsylvania</marc:subfield>
    </marc:datafield>
	<marc:datafield tag="710" ind1="2" ind2=" ">
		<marc:subfield code="a">Collection of British and American Fiction, 1660-1830 (University of Pennsylvania)</marc:subfield>
		<marc:subfield code="5">PU</marc:subfield>
	</marc:datafield>
	<marc:datafield tag="950" ind1=" " ind2=" ">
		<marc:subfield code="l">RBC</marc:subfield>
		<marc:subfield code="e">\\Singer-\Menden-\hall\</marc:subfield>
		<marc:subfield code="v">4 v.</marc:subfield>
		<marc:subfield code="i">11/25/87 RL</marc:subfield>
		<marc:subfield code="h">10/30/86 C</marc:subfield>
	</marc:datafield>
	<marc:datafield tag="955" ind1=" " ind2=" ">
		<marc:subfield code="l">RBC</marc:subfield>
		<marc:subfield code="c">1:(v.1-4)</marc:subfield>
		<marc:subfield code="q">53-2795</marc:subfield>
		<marc:subfield code="s">Ex libris Appleby Book Club (Ms. inscription)</marc:subfield>
		<marc:subfield code="h">10/30/86 C</marc:subfield>
	</marc:datafield>
	 <marc:datafield tag="989" ind1=" " ind2=" "> 
        <marc:subfield code="2">Captive</marc:subfield>
        <marc:subfield code="2">Fragment</marc:subfield>
        <marc:subfield code="2">History</marc:subfield>
        <marc:subfield code="3">Royal</marc:subfield>
        <marc:subfield code="3">Secret</marc:subfield>
        <marc:subfield code="3">Old</marc:subfield>
        <marc:subfield code="5">Ann Yearsley</marc:subfield>
        <marc:subfield code="6">Copied</marc:subfield>
        <marc:subfield code="7">Manuscript</marc:subfield>
    </marc:datafield>
    <marc:datafield tag="999" ind1=" " ind2=" ">
		<marc:subfield code="a">IC</marc:subfield>
		<marc:subfield code="b">6/14/18</marc:subfield>
		<marc:subfield code="c">University of Pennsylvania</marc:subfield>
		<marc:subfield code="d">DPL</marc:subfield>		
	</marc:datafield>
</marc:record>