<marc:record>
	<marc:leader>01587cam a2200385 a 4500</marc:leader>
	<marc:controlfield tag="005">20141208114225.0</marc:controlfield>
	<marc:controlfield tag="008">920218s1795    enk           000 1 eng d</marc:controlfield>
	<marc:controlfield tag="001">9913549283503681</marc:controlfield>
	<marc:datafield ind1=" " ind2=" " tag="035">
		<marc:subfield code="a">(OCoLC)ocm27401522</marc:subfield>
	</marc:datafield>
	<marc:datafield ind1=" " ind2=" " tag="035">
		<marc:subfield code="a">(OCoLC)27401522</marc:subfield>
	</marc:datafield>
	<marc:datafield ind1=" " ind2=" " tag="035">
		<marc:subfield code="a">(CStRLIN)PAUG92-B10333</marc:subfield>
	</marc:datafield>
	<marc:datafield ind1=" " ind2=" " tag="035">
		<marc:subfield code="9">AKK4249</marc:subfield>
	</marc:datafield>
	<marc:datafield ind1=" " ind2=" " tag="035">
		<marc:subfield code="a">1354928</marc:subfield>
	</marc:datafield>
	<marc:datafield ind1=" " ind2=" " tag="035">
		<marc:subfield code="a">(PU)1354928-penndb-Voyager</marc:subfield>
	</marc:datafield>
	<marc:datafield ind1=" " ind2=" " tag="035">
		<marc:subfield code="a">(PennHoldings)1544373</marc:subfield>
	</marc:datafield>
	<marc:datafield ind1=" " ind2=" " tag="040">
		<marc:subfield code="a">PU</marc:subfield>
		<marc:subfield code="c">PU</marc:subfield>
	</marc:datafield>
	<marc:datafield ind1=" " ind2=" " tag="090">
		<marc:subfield code="a">PR3669.R185</marc:subfield>
		<marc:subfield code="b">A9 1795</marc:subfield>
		<marc:subfield code="i">02/18/92 CT</marc:subfield>
	</marc:datafield>
	<marc:datafield ind1="1" ind2=" " tag="100">
		<marc:subfield code="a">Robinson, John,</marc:subfield>
		<marc:subfield code="c">novelist.</marc:subfield>
	</marc:datafield>
	<marc:datafield ind1="1" ind2="0" tag="245">
		<marc:subfield code="a">Audley Fortescue, or, the victims of frailty :</marc:subfield>
		<marc:subfield code="b">a novel : in two volumes /</marc:subfield>
		<marc:subfield code="c">by Mr. Robinson.</marc:subfield>
	</marc:datafield>
	<marc:datafield ind1=" " ind2=" " tag="246">
        <marc:subfield code="a">Audley Fortescue; or the victims of fraility.</marc:subfield>
        <marc:subfield code="d">Letter-press</marc:subfield>
        <marc:subfield code="g">Half</marc:subfield>
        <marc:subfield code="x">Work</marc:subfield>
		<marc:subfield code="v">v.1</marc:subfield>
    </marc:datafield>
	<marc:datafield ind1=" " ind2=" " tag="246">
        <marc:subfield code="a">Audley Fortescue; or the victims of fraility. A novel. In two volumes. By Mr. Robinson. Vol. I.</marc:subfield>
        <marc:subfield code="d">Letter-press</marc:subfield>
        <marc:subfield code="g">Full</marc:subfield>
        <marc:subfield code="x">Volume</marc:subfield>
        <marc:subfield code="v">v.1</marc:subfield>
    </marc:datafield>
	<marc:datafield ind1=" " ind2=" " tag="246">
		<marc:subfield code="a">Audley Fortescue; or the victims of frailty.</marc:subfield>
		<marc:subfield code="d">Letter-press</marc:subfield>
		<marc:subfield code="g">Half</marc:subfield>
		<marc:subfield code="x">Work</marc:subfield>
		<marc:subfield code="v">v.2</marc:subfield>
	</marc:datafield>
    <marc:datafield ind1=" " ind2=" " tag="246">
        <marc:subfield code="a">Audley Fortescue; or the victims of fraility. A novel. In two volumes. By Mr. Robinson. Vol. II.</marc:subfield>
        <marc:subfield code="d">Letter-press</marc:subfield>
        <marc:subfield code="g">Full</marc:subfield>
        <marc:subfield code="x">Volume</marc:subfield>
        <marc:subfield code="v">v.2</marc:subfield>
    </marc:datafield>
    <marc:datafield ind1="0" ind2="7" tag="246">
        <marc:subfield code="a">Audley Fortescue.</marc:subfield>
        <marc:subfield code="v">v.1</marc:subfield>
        <marc:subfield code="v">v.2</marc:subfield>
    </marc:datafield>
    <marc:datafield ind1="0" ind2="7" tag="246">
        <marc:subfield code="a">Audley Fortescue. (verso)</marc:subfield>
        <marc:subfield code="a">Audley Fortescue. (recto)</marc:subfield>
        <marc:subfield code="v">v.1</marc:subfield>
        <marc:subfield code="v">v.2</marc:subfield>
    </marc:datafield>
	<marc:datafield ind1=" " ind2=" " tag="260">
		<marc:subfield code="a">London</marc:subfield>
		<marc:subfield code="b">Printed for William Lane, at the Minerva Press, Leadenhall-Street.</marc:subfield>
		<marc:subfield code="c">1795</marc:subfield>
		<marc:subfield code="c">M. DCC. XCV.</marc:subfield>
		<marc:subfield code="v">v.1</marc:subfield>
		<marc:subfield code="v">v.2</marc:subfield>
	</marc:datafield>
	<marc:datafield ind1=" " ind2=" " tag="300">
		<marc:subfield code="a">2 v. ;</marc:subfield>
		<marc:subfield code="c">18 cm. (12mo)</marc:subfield>
		<marc:subfield code="x">Duodecimo</marc:subfield>
        <marc:subfield code="z">In two volumes</marc:subfield>
	</marc:datafield>
	<marc:datafield ind1=" " ind2=" " tag="500">
		<marc:subfield code="a">Attributed to John Robinson by Black, Blakey and Block.</marc:subfield>
	</marc:datafield>
	<marc:datafield ind1=" " ind2=" " tag="500">
		<marc:subfield code="a">Publisher's advertisements: v. 2, p. [190]-[193].</marc:subfield>
	</marc:datafield>
	<marc:datafield ind1=" " ind2=" " tag="500">
		<marc:subfield code="a">On the verso of the front free endpaper, in pencil: "Old Novel 2001"</marc:subfield>
	</marc:datafield>
	<marc:datafield ind1=" " ind2=" " tag="500">
		<marc:subfield code="a">Reader made numerous edits in this novel.</marc:subfield>
	</marc:datafield>
	<marc:datafield ind1="4" ind2=" " tag="510">
		<marc:subfield code="a">Black, F.G.  The epistolary novel,</marc:subfield>
		<marc:subfield code="c">697</marc:subfield>
	</marc:datafield>
	<marc:datafield ind1="4" ind2=" " tag="510">
		<marc:subfield code="a">Blakey, D.  The Minerva Press,</marc:subfield>
		<marc:subfield code="c">p. 168</marc:subfield>
	</marc:datafield>
	<marc:datafield ind1="4" ind2=" " tag="510">
		<marc:subfield code="a">ESTC (RLIN)</marc:subfield>
		<marc:subfield code="c">N30564</marc:subfield>
	</marc:datafield>
	<marc:datafield ind1="4" ind2=" " tag="510">
		<marc:subfield code="a">English novel, 1770-1829,</marc:subfield>
		<marc:subfield code="c">1795:38</marc:subfield>
	</marc:datafield>
	<marc:datafield ind1="4" ind2=" " tag="510">
		<marc:subfield code="a">Block, A.  Engl. novel (new ed.),</marc:subfield>
		<marc:subfield code="c">p. 199</marc:subfield>
	</marc:datafield>
	<marc:datafield ind1=" " ind2=" " tag="520">
   	    <marc:subfield code="a">Footnotes</marc:subfield>
   	    <marc:subfield code="c">Middle</marc:subfield>
   	    <marc:subfield code="v">v.1</marc:subfield>
   	    <marc:subfield code="x">Footnotes on pages: 14, 60, 77, 87, 93, 105, 155, 197.</marc:subfield>     
   	   	</marc:datafield>
	<marc:datafield ind1=" " ind2=" " tag="520">
        <marc:subfield code="a">Footnotes</marc:subfield>
        <marc:subfield code="c">Middle</marc:subfield>
        <marc:subfield code="v">v.2</marc:subfield>
        <marc:subfield code="x">Footnote on p.60.</marc:subfield>     
   	</marc:datafield>
   	<marc:datafield ind1=" " ind2=" " tag="520">
        <marc:subfield code="a">Poem</marc:subfield>
        <marc:subfield code="b">Sonnett.</marc:subfield>
        <marc:subfield code="c">Middle</marc:subfield>
        <marc:subfield code="v">v.1</marc:subfield>
        <marc:subfield code="x">Located on pg. 135. Transcription of first sentence of poem: Rear'd in the fun0shine of life's opening sky,--- My earlier hours were lull'd in soft delight;--- And whilst advancing seasons roll'd away,--- The flatt'ring prospect charm'd my ravish'd fight.</marc:subfield>
   	</marc:datafield>
   	<marc:datafield tag="592" ind1=" " ind2=" ">
        <marc:subfield code="a">Epistolary</marc:subfield>
        <marc:subfield code="b">First-person</marc:subfield>
    </marc:datafield>
    <marc:datafield ind1=" " ind2=" " tag="592">
        <marc:subfield code="a">Ink</marc:subfield>
        <marc:subfield code="b">Reader markings</marc:subfield>
        <marc:subfield code="x">On p. 5, reader crossed out the word "rate" and replaced with "Tear"; p. 6, reader inserted the word "wholly" and crossed out "only"; p. 12, reader crossed out "fortune" and replaced with "Fortescue"; p. 12, replaced "discussion" with "depression"; p. 16, inserted "this" between "of" and "romantic"; p. 46, replaced "force" with "frighten"</marc:subfield>
	</marc:datafield>
    <marc:datafield ind1=" " ind2=" " tag="599">
        <marc:subfield code="a">Author (text)</marc:subfield>
        <marc:subfield code="b">Proper name</marc:subfield>
        <marc:subfield code="2">By Mr.Robinson</marc:subfield>
        <marc:subfield code="3">Title Page</marc:subfield>
        <marc:subfield code="5">Male</marc:subfield>
        <marc:subfield code="6">Male</marc:subfield>
        <marc:subfield code="v">v.1</marc:subfield>
        <marc:subfield code="v">v.2</marc:subfield>
    </marc:datafield> 
	<marc:datafield ind1=" " ind2="7" tag="655">
		<marc:subfield code="a">Epistolary fiction</marc:subfield>
		<marc:subfield code="z">England</marc:subfield>
		<marc:subfield code="z">London</marc:subfield>
		<marc:subfield code="y">18th century.</marc:subfield>
		<marc:subfield code="2">rbgenr</marc:subfield>
	</marc:datafield>
	<marc:datafield ind1=" " ind2="7" tag="655">
		<marc:subfield code="a">Publishers' advertisements</marc:subfield>
		<marc:subfield code="z">England</marc:subfield>
		<marc:subfield code="z">London</marc:subfield>
		<marc:subfield code="y">18th century.</marc:subfield>
		<marc:subfield code="2">rbgenr</marc:subfield>
	</marc:datafield>
	    <marc:datafield ind1=" " ind2=" " tag="656">
        <marc:subfield code="a">Fiction</marc:subfield>
        <marc:subfield code="b">Back</marc:subfield>
        <marc:subfield code="c">Same publisher</marc:subfield>
        <marc:subfield code="v">v.2</marc:subfield>
		<marc:subfield code="x">Title: "Books printed at the Minerva press, Leadenhall-street."</marc:subfield>
    </marc:datafield>
	<marc:datafield ind1=" " ind2="4" tag="650">
		<marc:subfield code="a">CHR 1795</marc:subfield>
	</marc:datafield>
	<marc:datafield ind1=" " ind2=" " tag="700">
        <marc:subfield code="a">Robinson, John</marc:subfield>
        <marc:subfield code="4">Author (text)</marc:subfield>
        <marc:subfield code="5">Authorized</marc:subfield>
    </marc:datafield>
    <marc:datafield ind1=" " ind2=" " tag="700">
        <marc:subfield code="a">Lane, William</marc:subfield>
        <marc:subfield code="d">1745-1814</marc:subfield>
        <marc:subfield code="4">Printed For</marc:subfield>
        <marc:subfield code="5">Authorized</marc:subfield>
    </marc:datafield>
	    <marc:datafield ind1=" " ind2=" " tag="710">
        <marc:subfield code="a">Minerva Press</marc:subfield>
        <marc:subfield code="4">Printed For</marc:subfield>
        <marc:subfield code="5">Authorized</marc:subfield>
    </marc:datafield>
		<marc:datafield ind1="2" ind2=" " tag="710">
		<marc:subfield code="a">Collection of British and American Fiction, 1660-1830 (University of Pennsylvania)</marc:subfield>
		<marc:subfield code="5">PU</marc:subfield>
	</marc:datafield>
	<marc:datafield ind1="2" ind2=" " tag="710">
        <marc:subfield code="a">Early Novels</marc:subfield>
        <marc:subfield code="5">University of Pennsylvania</marc:subfield>
    </marc:datafield>
	<marc:datafield ind1="4" ind2=" " tag="740">
		<marc:subfield code="a">The victims of frailty.</marc:subfield>
	</marc:datafield>
	<marc:datafield ind1=" " ind2=" " tag="950">
		<marc:subfield code="l">RBC</marc:subfield>
		<marc:subfield code="e">\\Singer-\Menden-\hall\</marc:subfield>
		<marc:subfield code="v">v.1-2</marc:subfield>
		<marc:subfield code="i">02/18/92 C</marc:subfield>
	</marc:datafield>
	<marc:datafield ind1=" " ind2=" " tag="955">
		<marc:subfield code="l">RBC</marc:subfield>
		<marc:subfield code="c">1:v.1</marc:subfield>
		<marc:subfield code="q">47-1033</marc:subfield>
		<marc:subfield code="i">02/18/92 C</marc:subfield>
	</marc:datafield>
	<marc:datafield ind1=" " ind2=" " tag="955">
		<marc:subfield code="l">RBC</marc:subfield>
		<marc:subfield code="c">1:v.2</marc:subfield>
		<marc:subfield code="q">47-1033</marc:subfield>
		<marc:subfield code="i">02/18/92 C</marc:subfield>
	</marc:datafield>
	<marc:datafield ind1=" " ind2=" " tag="998">
		<marc:subfield code="a">02/18/92</marc:subfield>
		<marc:subfield code="t">c</marc:subfield>
		<marc:subfield code="s">9114</marc:subfield>
		<marc:subfield code="n">PU</marc:subfield>
		<marc:subfield code="d">02/18/92</marc:subfield>
		<marc:subfield code="c">BVE</marc:subfield>
		<marc:subfield code="b">BVE</marc:subfield>
		<marc:subfield code="i">920218</marc:subfield>
		<marc:subfield code="l">PAUG</marc:subfield>
		<marc:subfield code="z">BNA</marc:subfield>
	</marc:datafield>
	<marc:datafield ind1=" " ind2=" " tag="989"> 
        <marc:subfield code="2">Victim</marc:subfield>
        <marc:subfield code="2">Frailty</marc:subfield>
        <marc:subfield code="3">Two</marc:subfield>
        <marc:subfield code="4">London</marc:subfield>
        <marc:subfield code="5">Mr. Robinson</marc:subfield>
        <marc:subfield code="5">Audley Fortescue</marc:subfield>
    </marc:datafield>
    <marc:datafield ind1=" " ind2=" " tag="999">
		<marc:subfield code="a">IC</marc:subfield>
		<marc:subfield code="b">6/13/18</marc:subfield>
		<marc:subfield code="c">University of Pennslyvania</marc:subfield>
		<marc:subfield code="d">DPL</marc:subfield>
	</marc:datafield>
</marc:record>