
<marc:record>
	<marc:leader>01196cam a2200301 i 4500</marc:leader>
	<marc:controlfield tag="005">20141209190228.0</marc:controlfield>
	<marc:controlfield tag="008">921027s1795    enk           000 1 eng d</marc:controlfield>
	<marc:controlfield tag="001">9917151843503681</marc:controlfield>
	<marc:datafield ind1=" " ind2=" " tag="035">
		<marc:subfield code="a">(OCoLC)ocn249008900</marc:subfield>
	</marc:datafield>
	<marc:datafield ind1=" " ind2=" " tag="035">
		<marc:subfield code="a">(OCoLC)249008900</marc:subfield>
	</marc:datafield>
	<marc:datafield ind1=" " ind2=" " tag="035">
		<marc:subfield code="a">(CStRLIN)PAUGEAN9324-B</marc:subfield>
	</marc:datafield>
	<marc:datafield ind1=" " ind2=" " tag="035">
		<marc:subfield code="9">EAN9324</marc:subfield>
	</marc:datafield>
	<marc:datafield ind1=" " ind2=" " tag="035">
		<marc:subfield code="a">1715184</marc:subfield>
	</marc:datafield>
	<marc:datafield ind1=" " ind2=" " tag="035">
		<marc:subfield code="a">(PU)1715184-penndb-Voyager</marc:subfield>
	</marc:datafield>
	<marc:datafield ind1=" " ind2=" " tag="035">
		<marc:subfield code="a">(PennHoldings)1935595</marc:subfield>
	</marc:datafield>
	<marc:datafield ind1=" " ind2="4" tag="050">
		<marc:subfield code="a">PQ2023.R4</marc:subfield>
		<marc:subfield code="b">V613 1730</marc:subfield>
	</marc:datafield>
	<marc:datafield ind1="1" ind2=" " tag="100">
		<marc:subfield code="a">Ramsay, Chevalier</marc:subfield>
		<marc:subfield code="q">(Andrew Michael),</marc:subfield>
		<marc:subfield code="d">1686-1743.</marc:subfield>
	</marc:datafield>
	<marc:datafield ind1="1" ind2="0" tag="240">
		<marc:subfield code="a">Voyages de Cyrus.</marc:subfield>
		<marc:subfield code="l">English</marc:subfield>
	</marc:datafield>
	<marc:datafield ind1="1" ind2="4" tag="245">
		<marc:subfield code="a">The travels of Cyrus :</marc:subfield>
		<marc:subfield code="b">To which is annexed A discourse on the theology and mythology of the Pagans /</marc:subfield>
		<marc:subfield code="c">Translated from the French of M. Ramsay.</marc:subfield>
	</marc:datafield>
	<marc:datafield ind1=" " ind2=" " tag="246">
		<marc:subfield code="a">The travels of Cyrus. To which is annexed a discourse on the theology and mythology of the pagans. Translated from the French of M. Ramsay. A new edition.</marc:subfield>
		<marc:subfield code="d">Letter-press</marc:subfield>
        <marc:subfield code="g">Full</marc:subfield>
        <marc:subfield code="x">Work</marc:subfield>
	</marc:datafield>
	<marc:datafield ind1=" " ind2=" " tag="246">
		<marc:subfield code="a">A discourse upon the theology and mythology of the pagans.</marc:subfield>
		<marc:subfield code="d">Letter-press</marc:subfield>
		<marc:subfield code="g">Half</marc:subfield>
		<marc:subfield code="x">Section</marc:subfield>
	</marc:datafield>
    <marc:datafield ind1="0" ind2="7" tag="246">
        <marc:subfield code="a">The Travels of Cyrus.</marc:subfield>
    </marc:datafield>
    <marc:datafield ind1="0" ind2="7" tag="246">
        <marc:subfield code="a">The Travels (recto)</marc:subfield>
        <marc:subfield code="a">of Cyrus. (verso)</marc:subfield>
    </marc:datafield>
	<marc:datafield ind1=" " ind2=" " tag="250">
		<marc:subfield code="a">A new edition.</marc:subfield>
	</marc:datafield>
	<marc:datafield ind1=" " ind2=" " tag="260">
		<marc:subfield code="a">London</marc:subfield>
		<marc:subfield code="c">1795.</marc:subfield>
		<marc:subfield code="c">1795</marc:subfield>
	</marc:datafield>
	<marc:datafield ind1=" " ind2=" " tag="300">
		<marc:subfield code="a">434 p.</marc:subfield>
		<marc:subfield code="c">18 cm. (12mo)</marc:subfield>
		<marc:subfield code="x">Duodecimo</marc:subfield>
	</marc:datafield>
	<marc:datafield ind1=" " ind2=" " tag="500">
		<marc:subfield code="a">Translation of 'Voyages de Cyrus.'</marc:subfield>
	</marc:datafield>
	<marc:datafield ind1=" " ind2=" " tag="500">
		<marc:subfield code="a">"A letter, from M. Freret ... to the author, concerning the chronology of his work": p. 422-434.</marc:subfield>
	</marc:datafield>
	<marc:datafield ind1=" " ind2=" " tag="500">
        <marc:subfield code="a">The book is missing its back cover.</marc:subfield>
	</marc:datafield>
	<marc:datafield ind1=" " ind2=" " tag="500">
		<marc:subfield code="a">University of Pennsylvania Annenberg Rare Book and Manuscript Library bookplate on front pastedown endpaper</marc:subfield>
	</marc:datafield>
	<marc:datafield ind1=" " ind2=" " tag="500">
        <marc:subfield code="a">Error in page order. The page after p. 146 is p. 171 which goes to p.194 then the next page after that is p. 147. Then the page after p.170 is p. 195.</marc:subfield>
	</marc:datafield>
	<marc:datafield ind1=" " ind2=" " tag="500">
        <marc:subfield code="a">The running title on p.343 is missing an "O" for 'Of the pagans'; transcription: "F the pagans."</marc:subfield>
	</marc:datafield>
	<marc:datafield ind1=" " ind2=" " tag="500">
        <marc:subfield code="a">On p.162, the "1" is missing on the page number.</marc:subfield>
	</marc:datafield>
	<marc:datafield ind1=" " ind2=" " tag="500">
        <marc:subfield code="a">A little slip between pages xx and xxi that says "Via Marseilles."</marc:subfield>
	</marc:datafield>
	<marc:datafield ind1="4" ind2=" " tag="510">
		<marc:subfield code="a">ESTC</marc:subfield>
		<marc:subfield code="c">T176325</marc:subfield>
	</marc:datafield>
	<marc:datafield ind1=" " ind2=" " tag="520">
        <marc:subfield code="a">Preface</marc:subfield>
        <marc:subfield code="b">Preface.</marc:subfield>
        <marc:subfield code="c">Front</marc:subfield> 
        <marc:subfield code="x">Transcription of first sentence: "Ever since the first edition of the Travels of Cyrus, the Author has listened with respect and deference to the judgement of the public; and as several specious objections have been made to the work and many real faults discovered in it, his design in this Preface is to give the best answer he can to the one, an to acquaint the reader with what he has done to correct the other."</marc:subfield>        
   	</marc:datafield>
	<marc:datafield ind1=" " ind2=" " tag="520">
		<marc:subfield code="a">Footnotes</marc:subfield>
		<marc:subfield code="c">Front</marc:subfield>
		<marc:subfield code="x">Footnotes on pages: xxi.</marc:subfield>
	</marc:datafield>
   	<marc:datafield ind1=" " ind2=" " tag="520">
        <marc:subfield code="a">Footnotes</marc:subfield>
        <marc:subfield code="c">Middle</marc:subfield> 
        <marc:subfield code="x">Footnotes on pages: 25, 26, 27, 30, 41, 54, 58, 62, 66, 67, 80, 83-84, 85, 90, 100, 103, 106, 113, 115, 116, 127, 133, 139, 143, 144, 146, 171, 175, 187, 190, 194, 147, 160, 164, 168, 210, 212, 213, 215, 216, 217, 218, 220, 221, 225, 226, 228, 232, 238, 239, 242, 246, 251, 253, 268, 269, 270, 271, 272, 279, 281, 282, 292, 302, 305, 309, 327, 334.</marc:subfield>        
   	</marc:datafield>
   	<marc:datafield ind1=" " ind2=" " tag="520">
        <marc:subfield code="a">Other</marc:subfield>
        <marc:subfield code="b">A discourse, &amp; c.</marc:subfield>
        <marc:subfield code="c">Back</marc:subfield>
        <marc:subfield code="x">Transcription of first sentence: "My first design was to insert some critical notes in the margin of the foregoing book; but as the attending to such remarks would have diverted that reader's mind too much from the principal subjects, I thought it better to digest them into the form of a discourse, which I divide into two parts."</marc:subfield>     
   	</marc:datafield>
   	<marc:datafield ind1=" " ind2=" " tag="520">
        <marc:subfield code="a">Letter</marc:subfield>
        <marc:subfield code="b">Letter From M. Freret (Member of the Academy of Inscriptions at Paris) to the Author, concerning the chronology of his work.</marc:subfield>
        <marc:subfield code="c">Back</marc:subfield>
        <marc:subfield code="x">Transcription of first sentence of the letter: "Sir, There have perhaps been a more different systems formed, to settle the history of Cyrus, and the chronology of the Kings of Babylon, than for any other part of the antient history."</marc:subfield>        
   	</marc:datafield>
	<marc:datafield tag="520" ind1=" " ind2=" ">
		<marc:subfield code="a">Footnotes</marc:subfield>
		<marc:subfield code="c">Back</marc:subfield>
		<marc:subfield code="x">Footnotes on pages:  341, 342, 343, 344, 346, 348, 350, 351, 352, 354, 355, 356, 357,358, 359, 360, 361, 362, 363, 364, 365, 366, 367, 368, 370, 371, 372, 373, 374, 375, 376, 377 378, 379, 380, 381, 382, 383, 384, 386, 389,390, 391, 393, 394, 395, 396, 397, 398, 399, 400, 401, 402, 403, 404, 405, 406, 407, 408, 409, 410, 411, 414, 415, 416, 417, 418, 424, 426, 431, 432, 433, 434.</marc:subfield>
	</marc:datafield>
   	 <marc:datafield ind1=" " ind2=" " tag="592">
        <marc:subfield code="a">Third-person</marc:subfield>
    </marc:datafield>
    <marc:datafield ind1=" " ind2=" " tag="595">
        <marc:subfield code="a">Ink</marc:subfield>
        <marc:subfield code="b">Words</marc:subfield>
        <marc:subfield code="x">Smudged, unintelligible marginalia at bottom of front free endpaper.</marc:subfield>
    </marc:datafield>
    <marc:datafield ind1=" " ind2=" " tag="595">
        <marc:subfield code="a">Ink</marc:subfield>
        <marc:subfield code="b">Numbers</marc:subfield>
        <marc:subfield code="x">Slightly smudged, top left of front pastedown endpaper: "[3/6]"?</marc:subfield>
    </marc:datafield>
    <marc:datafield ind1=" " ind2=" " tag="596">
        <marc:subfield code="a">Translation</marc:subfield>
        <marc:subfield code="b">Title Page</marc:subfield>
        <marc:subfield code="c">French</marc:subfield>
        <marc:subfield code="e">Translated from the French of M. Ramsey.</marc:subfield>
	</marc:datafield>  
	<marc:datafield ind1=" " ind2=" " tag="599">
        <marc:subfield code="a">Author (text)</marc:subfield>
        <marc:subfield code="b">Proper name</marc:subfield>
        <marc:subfield code="2">Translated from the French of M. Ramsey.</marc:subfield>
        <marc:subfield code="3">Title Page</marc:subfield>
        <marc:subfield code="5">Male</marc:subfield>
        <marc:subfield code="6">Male</marc:subfield>
    </marc:datafield>
	<marc:datafield ind1=" " ind2=" " tag="599">
		<marc:subfield code="a">Author (paratext)</marc:subfield>
		<marc:subfield code="b">Generic/Descriptive</marc:subfield>
		<marc:subfield code="2">[the Author's] design in this preface is to give the best answer he can to...</marc:subfield>
		<marc:subfield code="3">Preface</marc:subfield>
		<marc:subfield code="5">Male</marc:subfield>
		<marc:subfield code="6">Male</marc:subfield>
	</marc:datafield>
	<marc:datafield ind1=" " ind2=" " tag="599">
		<marc:subfield code="a">Author (paratext)</marc:subfield>
		<marc:subfield code="b">Generic/Descriptive</marc:subfield>
		<marc:subfield code="2">My first design was to insert some critical notes in the margin of the foregoing book; but as the attending to such remarks would have diverted the reader's mind too much from the principal subject, I thought it better to digest them into the form of a discourse, which I divide into two parts.</marc:subfield>
		<marc:subfield code="3">Discourse</marc:subfield>
		<marc:subfield code="5">Male</marc:subfield>
		<marc:subfield code="6">Male</marc:subfield>
	</marc:datafield>
    <marc:datafield ind1=" " ind2=" " tag="599">
        <marc:subfield code="a">Author (paratext)</marc:subfield>
        <marc:subfield code="b">Proper name</marc:subfield>
        <marc:subfield code="2">Letter From M. Freret (Member of the Academy of Inscriptions at Paris) to the Author, concerning the chronology of his work.</marc:subfield>
        <marc:subfield code="3">Letter</marc:subfield>
        <marc:subfield code="5">Male</marc:subfield>
        <marc:subfield code="6">Male</marc:subfield>
    </marc:datafield> 
	<marc:datafield ind1=" " ind2="0" tag="650">
		<marc:subfield code="a">Voyages, Imaginary</marc:subfield>
		<marc:subfield code="v">Early works to 1800.</marc:subfield>
	</marc:datafield>
	<marc:datafield ind1=" " ind2="4" tag="650">
		<marc:subfield code="a">CHR 1795</marc:subfield>
	</marc:datafield>
	<marc:datafield ind1=" " ind2=" " tag="700">
		<marc:subfield code="a">Freret, Nicolas</marc:subfield>
		<marc:subfield code="d">1688-1749</marc:subfield>
		<marc:subfield code="d">Author (paratext)</marc:subfield>
		<marc:subfield code="d">Authorized</marc:subfield>
	</marc:datafield>
	<marc:datafield ind1=" " ind2=" " tag="700">
        <marc:subfield code="a">Ramsay, Andrew Michael</marc:subfield>
        <marc:subfield code="d">1686-1743</marc:subfield>
        <marc:subfield code="4">Author (text)</marc:subfield>
        <marc:subfield code="5">Authorized</marc:subfield>
    </marc:datafield>
	<marc:datafield ind1="2" ind2=" " tag="710">
        <marc:subfield code="a">Early Novels</marc:subfield>
        <marc:subfield code="5">University of Pennsylvania</marc:subfield>
    </marc:datafield>
	<marc:datafield ind1="2" ind2=" " tag="710">
		<marc:subfield code="a">Collection of British and American Fiction, 1660-1830 (University of Pennsylvania)</marc:subfield>
		<marc:subfield code="5">PU</marc:subfield>
	</marc:datafield>
	 <marc:datafield ind1=" " ind2=" " tag="989"> 
        <marc:subfield code="2">Travel</marc:subfield>
        <marc:subfield code="2">Discourse</marc:subfield>
        <marc:subfield code="2">Theology</marc:subfield>
        <marc:subfield code="2">Mythology</marc:subfield>
        <marc:subfield code="2">Pagan</marc:subfield>
        <marc:subfield code="3">French</marc:subfield>
        <marc:subfield code="4">London</marc:subfield>
        <marc:subfield code="5">Cyrus</marc:subfield>
        <marc:subfield code="5">M. Ramsay</marc:subfield>
        <marc:subfield code="6">Translate</marc:subfield>
        <marc:subfield code="6">Annex</marc:subfield>
    </marc:datafield>
    <marc:datafield ind1=" " ind2=" " tag="999">
		<marc:subfield code="a">IC</marc:subfield>
		<marc:subfield code="b">6/12/18</marc:subfield>
		<marc:subfield code="c">University of Pennsylvania</marc:subfield>
		<marc:subfield code="d">AS</marc:subfield>
	</marc:datafield>
</marc:record>