
<marc:record>
	<marc:leader>02441cam a2200469   4500</marc:leader>
	<marc:controlfield tag="001">991997933503681</marc:controlfield>
	<marc:controlfield tag="005">20141120170953.0</marc:controlfield>
	<marc:controlfield tag="008">860113s1795    nhua          00000 eng  </marc:controlfield>
	<marc:datafield tag="010" ind1=" " ind2=" ">
		<marc:subfield code="a">   63009513 </marc:subfield>
	</marc:datafield>
	<marc:datafield tag="035" ind1=" " ind2=" ">
		<marc:subfield code="a">(OCoLC)ocn249042268</marc:subfield>
	</marc:datafield>
	<marc:datafield tag="035" ind1=" " ind2=" ">
		<marc:subfield code="a">(OCoLC)249042268</marc:subfield>
	</marc:datafield>
	<marc:datafield tag="035" ind1=" " ind2=" ">
		<marc:subfield code="a">(CStRLIN)PAUG86-B1265</marc:subfield>
	</marc:datafield>
	<marc:datafield tag="035" ind1=" " ind2=" ">
		<marc:subfield code="a">(CaOTULAS)121277160</marc:subfield>
	</marc:datafield>
	<marc:datafield tag="035" ind1=" " ind2=" ">
		<marc:subfield code="9">ABC4737</marc:subfield>
	</marc:datafield>
	<marc:datafield tag="035" ind1=" " ind2=" ">
		<marc:subfield code="a">199793</marc:subfield>
	</marc:datafield>
	<marc:datafield tag="035" ind1=" " ind2=" ">
		<marc:subfield code="a">(PU)199793-penndb-Voyager</marc:subfield>
	</marc:datafield>
	<marc:datafield tag="035" ind1=" " ind2=" ">
		<marc:subfield code="a">(PennHoldings) 239930</marc:subfield>
	</marc:datafield>
	<marc:datafield tag="040" ind1=" " ind2=" ">
		<marc:subfield code="c">PU</marc:subfield>
		<marc:subfield code="d">PU</marc:subfield>
	</marc:datafield>
	<marc:datafield tag="050" ind1="0" ind2=" ">
		<marc:subfield code="a">PR3541</marc:subfield>
		<marc:subfield code="b">.L8 1795</marc:subfield>
	</marc:datafield>
	<marc:datafield tag="090" ind1=" " ind2=" ">
		<marc:subfield code="a">PR3541</marc:subfield>
		<marc:subfield code="b">.L8 1795</marc:subfield>
		<marc:subfield code="i">01/13/86 CT</marc:subfield>
	</marc:datafield>
	<marc:datafield tag="100" ind1="1" ind2=" ">
		<marc:subfield code="a">Longueville, Peter,</marc:subfield>
		<marc:subfield code="d">fl. 1727.</marc:subfield>
		<marc:subfield code="e">supposed author.</marc:subfield>
	</marc:datafield>
	<marc:datafield tag="245" ind1="1" ind2="4">
		<marc:subfield code="a">The hermit:</marc:subfield>
		<marc:subfield code="b">or The unparalleled sufferings and surprising adventures of Philip Quarll, an Englishman. Who was lately discovered upon an uninhabited island in the South-sea, where he lived above fifty years, without any human assistance ...</marc:subfield>
	</marc:datafield> 
	<marc:datafield tag="246" ind1=" " ind2=" ">
		<marc:subfield code="a">The hermit: Or the unparalleled sufferings and surprising adventures of Philip Quarll, an Englishman. Who was lately discovered upon an unihabited island in the South-Sea, where he lived above fifty years, without any human assistance. Containing, I. His conference with those who found him; to whom he recited the most material circumstances of his life: His being born in the parish of St. Giles, educated by the charity of a lady, and put out apprentice to a lock-smith. II. His leaving his master, and being taken up with a notorious house-breaker, who was hanged; his lucky escape, and going to sea a cabin-boy, marrying a famous prostitute, enlisting a common soldier, turning singing-master, and afterwards marrying three wives, for which he was tried and condemned at the Old Bailey. III. His being pardoned by the King, turning merchant, and being shipwrecked on this desolate island on the coast of Mexico. With an elegant frontispiece. A new edition.</marc:subfield>
		<marc:subfield code="d">Letter-press</marc:subfield>
		<marc:subfield code="g">Full</marc:subfield>
		<marc:subfield code="x">Work</marc:subfield>
	</marc:datafield>
	<marc:datafield tag="246" ind1="3" ind2="0">
		<marc:subfield code="a">Unparalleled sufferings and surprising adventures of Philip Quarll, an Englishman</marc:subfield>
	</marc:datafield>
	<marc:datafield tag="246" ind1="0" ind2="7">
		<marc:subfield code="a">The English hermit.</marc:subfield>
	</marc:datafield>
	<marc:datafield tag="246" ind1="0" ind2="7">
		<marc:subfield code="a">The English hermit. (recto)</marc:subfield>
		<marc:subfield code="a">The English hermit. (verso)</marc:subfield>
	</marc:datafield>
	<marc:datafield tag="250" ind1=" " ind2=" ">
		<marc:subfield code="a">A new ed.</marc:subfield>
	</marc:datafield>
	<marc:datafield tag="250" ind1=" " ind2=" ">
		<marc:subfield code="a">A new edition</marc:subfield>
	</marc:datafield>
	<marc:datafield tag="260" ind1=" " ind2=" ">
		<marc:subfield code="a">Printed at Exeter [N. H.]</marc:subfield>
		<marc:subfield code="b">by H. Ranlet, for I. Thomas, and E. T. Andrews, Faust's statue, no. 45, Newbury-street, Boston.</marc:subfield>
		<marc:subfield code="c">1795</marc:subfield>
	</marc:datafield>
	<marc:datafield tag="260" ind1=" " ind2=" ">
		<marc:subfield code="a">Boston</marc:subfield>
		<marc:subfield code="b">Printed at Exeter, by H. Ranlet, for I. Thomas, and E. T. Andrews, Faust's statue, No. 45, Newbury-Street, Boston.</marc:subfield>
		<marc:subfield code="c">1795</marc:subfield>
		<marc:subfield code="c">M,DCC,XCV.</marc:subfield>
	</marc:datafield>
	<marc:datafield tag="300" ind1=" " ind2=" ">
		<marc:subfield code="a">vi, [7]-263, [1] p. :</marc:subfield>
		<marc:subfield code="b">Ill. (frontispiece)</marc:subfield>
		<marc:subfield code="c">18 cm (12mo)</marc:subfield>
		<marc:subfield code="x">Duodecimo</marc:subfield>
	</marc:datafield>
	<marc:datafield tag="500" ind1=" " ind2=" ">
		<marc:subfield code="a">Signed: Ed. Dorrington.</marc:subfield>
	</marc:datafield>
	<marc:datafield tag="500" ind1=" " ind2=" ">
		<marc:subfield code="a">Signatures: A-X5 (incl. frontispiece)</marc:subfield>
	</marc:datafield>
	<marc:datafield tag="500" ind1=" " ind2=" ">
		<marc:subfield code="a">Running title: The English hermit.</marc:subfield>
	</marc:datafield>
	<marc:datafield tag="500" ind1=" " ind2=" ">
		<marc:subfield code="a">The preface (signed P. L. in the original edition) is signed W. L.</marc:subfield>
	</marc:datafield>
	<marc:datafield tag="500" ind1=" " ind2=" ">
		<marc:subfield code="a">An issue of the 1727 edition in the British museum has the initials P. L. in the title and a dedication, in which the writer claims the authorship of the work, signed Peter Longueville. In the preface (signed P. L.) he denounces the bookseller for having substituted Edward Dorrington's name for his own. For a discussion of the authorship cf. A. Esdaile's "Author and publisher in 1727; The English hermit", in the Library, 4th ser., v. 2, p. 185-192.</marc:subfield>
	</marc:datafield>
	<marc:datafield tag="500" ind1=" " ind2=" ">
		<marc:subfield code="a">Ascribed by some authorities to Alexander Bicknell.</marc:subfield>
	</marc:datafield>
	<marc:datafield tag="500" ind1=" " ind2=" ">
		<marc:subfield code="a">Bookplate on front paste-down endpaper: "Library of the University of Pennslyvania" and "823" and "L869Ha" and "Presented by Charles W. Burr, M. D."</marc:subfield>
	</marc:datafield>
	<marc:datafield tag="510" ind1="4" ind2=" ">
		<marc:subfield code="a">ESTC (RLIN)</marc:subfield>
		<marc:subfield code="c">W36160</marc:subfield>
	</marc:datafield>
	<marc:datafield tag="510" ind1="4" ind2=" ">
		<marc:subfield code="a">Halkett &amp; Laing (2nd ed.)</marc:subfield>
		<marc:subfield code="c">II, p 32</marc:subfield>
	</marc:datafield>
	<marc:datafield tag="510" ind1="4" ind2=" ">
		<marc:subfield code="a">Evans</marc:subfield>
		<marc:subfield code="c">28298</marc:subfield>
	</marc:datafield>
	<marc:datafield tag="520" ind1=" " ind2=" ">
		<marc:subfield code="a">Preface</marc:subfield>
		<marc:subfield code="b">Preface.</marc:subfield>
		<marc:subfield code="c">Front</marc:subfield>
		<marc:subfield code="x">Begins: "Truth and fiction, have, of late, been so promiscuously blended together, in performances of this nature, that, in the present case, it seems absolutely necessary to distinguish the one from the other. If Robinson Crusoe, Moll Flanders, and Colonel Jack, have their admirers among the lower rank of readers, it is as certain that the morality in masquerade, which may be discovered in the travels of Lemuel ulliver, has been an equal entertainment to the superior class of mankind." Author of preface claims to be the Editor, having been given the manuscript by Edward Dorrington, "an eminent merchant." Preface describes that first 'book' is written by Edward Dorrington, and the second and third are transcribed by Dorrington from "Mr. Quarll's parchment-roll."  Signed: "The reader's humble servant, W.L."</marc:subfield>
	</marc:datafield>
	<marc:datafield tag="520" ind1=" " ind2=" ">
		<marc:subfield code="a">Footnotes</marc:subfield>
		<marc:subfield code="c">Middle</marc:subfield>
		<marc:subfield code="x">Footnote on p.110 reads: "The lines marked with (") are set down word for word with his memoirs, for these reasons. 1. I thought it a pity to alter any thing from his notions of the pleasures of country life. 2. And the rather, because it gives us very lively ideas of the perfect happiness he enjoys in his solitude." Footnote on 189 reads: "Lest the reader should think, these and the following verses to be the effect of my own brain, I solemnly protest, they are what I found in his memoirs, written with his own hand."</marc:subfield>
	</marc:datafield>
	<marc:datafield tag="520" ind1=" " ind2=" ">
		<marc:subfield code="a">Poem</marc:subfield>
		<marc:subfield code="c">Middle</marc:subfield>
		<marc:subfield code="x">Located on p.188-9. Transcription: "He who, when in distress, ---To God makes his address, ---And his bounties implore; ---Is sure, and may depend, ---That relief he will send, ---And at need help the poor."</marc:subfield>
	</marc:datafield>
	<marc:datafield tag="520" ind1=" " ind2=" ">
		<marc:subfield code="a">Poem</marc:subfield>
		<marc:subfield code="c">Middle</marc:subfield>
		<marc:subfield code="x">Located on p.214. Transcription: "Leave the miser the knowing care, ---Who'll succeed him, or be his heir; That racks his soul with discontent, ---Left what he rak'd for should be spent ---His gold to him is far more dear, ---Than all his friends or kindred near."</marc:subfield>
	</marc:datafield>
	<marc:datafield tag="520" ind1=" " ind2=" ">
        <marc:subfield code="a">Poem</marc:subfield>
        <marc:subfield code="c">Middle</marc:subfield>
        <marc:subfield code="x">Transcription, p.87: He whom unlawful means advances to gain,--- Instead of comfort, finds a constant pain:--- What e'en by lawless arts we do possess,--- Old age and sickness make it comfortless.--- Be rul'd by me, not to increase your store--- By means unjust; for'twill make you poor,--- Take but your due, and never covet more.</marc:subfield>         
   	</marc:datafield>
	<marc:datafield tag="592" ind1=" " ind2=" ">
		<marc:subfield code="a">First-person</marc:subfield>
		<marc:subfield code="b">Third-person</marc:subfield>
		<marc:subfield code="b">Letters</marc:subfield>
	</marc:datafield>
	<marc:datafield tag="599" ind1=" " ind2=" ">
		<marc:subfield code="a">Author (text)</marc:subfield>
		<marc:subfield code="b">Proper name</marc:subfield>
		<marc:subfield code="2">Ed. Dorrington</marc:subfield>
		<marc:subfield code="3">p. 263</marc:subfield>
		<marc:subfield code="5">Male</marc:subfield>
		<marc:subfield code="6">Male</marc:subfield>
	</marc:datafield>
	<marc:datafield tag="599" ind1=" " ind2=" ">
		<marc:subfield code="a">Editor (text)</marc:subfield>
		<marc:subfield code="b">Initials</marc:subfield>
		<marc:subfield code="2">W.L.</marc:subfield>
		<marc:subfield code="3">Preface</marc:subfield>
		<marc:subfield code="5">Indeterminate</marc:subfield>
		<marc:subfield code="6">Unknown</marc:subfield>
	</marc:datafield>
	<marc:datafield tag="599" ind1=" " ind2=" ">
		<marc:subfield code="a">Author (paratext)</marc:subfield>
		<marc:subfield code="b">Initials</marc:subfield>
		<marc:subfield code="2">W.L.</marc:subfield>
		<marc:subfield code="3">Preface</marc:subfield>
		<marc:subfield code="5">Indeterminate</marc:subfield>
		<marc:subfield code="6">Unknown</marc:subfield>
	</marc:datafield>
	<marc:datafield tag="599" ind1=" " ind2=" ">
		<marc:subfield code="a">Author (text)</marc:subfield>
		<marc:subfield code="b">Proper name</marc:subfield>
		<marc:subfield code="2">...and the second and third books were faithfully transcribed from Mr. Quarll's parchment-roll</marc:subfield>
		<marc:subfield code="3">Preface</marc:subfield>
		<marc:subfield code="5">Male</marc:subfield>
		<marc:subfield code="6">Male</marc:subfield>
	</marc:datafield>
	<marc:datafield tag="650" ind1=" " ind2="4">
		<marc:subfield code="a">CHR 1795</marc:subfield>
	</marc:datafield>
	<marc:datafield tag="650" ind1=" " ind2="4">
		<marc:subfield code="a">PRO Burr, Charles W. (Charles Walts), 1861- (donor)</marc:subfield>
	</marc:datafield>
	<marc:datafield tag="700" ind1=" " ind2=" ">
		<marc:subfield code="a">Longueville, Peter</marc:subfield>
		<marc:subfield code="d">active 1727</marc:subfield>
		<marc:subfield code="4">Supposed author (text)</marc:subfield>
		<marc:subfield code="5">Authorized</marc:subfield>
	</marc:datafield>
	<marc:datafield tag="700" ind1=" " ind2=" ">
		<marc:subfield code="a">W. L.</marc:subfield>
		<marc:subfield code="4">Author (paratext)</marc:subfield>
		<marc:subfield code="4">Editor (text)</marc:subfield>
		<marc:subfield code="5">Unauthorized</marc:subfield>
	</marc:datafield>
	<marc:datafield tag="700" ind1=" " ind2=" ">
		<marc:subfield code="a">Ranlet, Henry</marc:subfield>
		<marc:subfield code="d">1762-1807</marc:subfield>
		<marc:subfield code="4">Printed by</marc:subfield>
		<marc:subfield code="5">Authorized</marc:subfield>
	</marc:datafield>
	<marc:datafield tag="700" ind1=" " ind2=" ">
		<marc:subfield code="a">Thomas, Isaiah</marc:subfield>
		<marc:subfield code="d">1749-1831</marc:subfield>
		<marc:subfield code="4">Printed for</marc:subfield>
		<marc:subfield code="5">Authorized</marc:subfield>
	</marc:datafield>
	<marc:datafield tag="700" ind1=" " ind2=" ">
		<marc:subfield code="a">Andrews, Ebenezer Turrell</marc:subfield>
		<marc:subfield code="d">1766-1851</marc:subfield>
		<marc:subfield code="4">Printed for</marc:subfield>
		<marc:subfield code="5">Authorized</marc:subfield>
	</marc:datafield>
	<marc:datafield tag="700" ind1=" " ind2=" ">
		<marc:subfield code="a">Charles W. Burr, M.D.</marc:subfield>
		<marc:subfield code="4">Author (bookplate)</marc:subfield>
		<marc:subfield code="5">Authorized</marc:subfield>
	</marc:datafield>
	<marc:datafield tag="700" ind1="1" ind2=" ">
		<marc:subfield code="a">Bicknell, Alexander,</marc:subfield>
		<marc:subfield code="d">d. 1796.</marc:subfield>
	</marc:datafield>
	<marc:datafield tag="700" ind1="1" ind2=" ">
		<marc:subfield code="a">Quarll, Philip.</marc:subfield>
	</marc:datafield>
	<marc:datafield tag="740" ind1="0" ind2="2">
		<marc:subfield code="a">English hermit.</marc:subfield>
	</marc:datafield>
	<marc:datafield tag="710" ind1=" " ind2=" ">
		<marc:subfield code="a">Thomas &amp; Andrews</marc:subfield>
		<marc:subfield code="4">Printed for</marc:subfield>
		<marc:subfield code="5">Authorized</marc:subfield>
	</marc:datafield>
	<marc:datafield tag="710" ind1="2" ind2=" ">
		<marc:subfield code="a">Collection of British and American Fiction, 1660-1830 (University of Pennsylvania)</marc:subfield>
		<marc:subfield code="5">PU</marc:subfield>
	</marc:datafield>
	<marc:datafield tag="710" ind1="2" ind2=" ">
		<marc:subfield code="a">Earl Novels</marc:subfield>
		<marc:subfield code="5">University of Pennsylvania</marc:subfield>
	</marc:datafield>
	<marc:datafield tag="752" ind1=" " ind2=" ">
		<marc:subfield code="a">United States</marc:subfield>
		<marc:subfield code="b">New Hampshire</marc:subfield>
		<marc:subfield code="d">Exeter.</marc:subfield>
	</marc:datafield>
	<marc:datafield tag="950" ind1=" " ind2=" ">
		<marc:subfield code="l">RBC</marc:subfield>
		<marc:subfield code="i">01/13/86 C</marc:subfield>
	</marc:datafield>
	<marc:datafield tag="955" ind1=" " ind2=" ">
		<marc:subfield code="l">RBC</marc:subfield>
		<marc:subfield code="c">1</marc:subfield>
		<marc:subfield code="q">737147</marc:subfield>
		<marc:subfield code="q">g. Dr. Charles W. Burr</marc:subfield>
		<marc:subfield code="i">01/13/86 C</marc:subfield>
	</marc:datafield>
	<marc:datafield tag="989" ind1=" " ind2=" ">
		<marc:subfield code="2">Hermit</marc:subfield>
		<marc:subfield code="3">Unparalleled</marc:subfield>
		<marc:subfield code="2">Suffering</marc:subfield>
		<marc:subfield code="3">Surprising</marc:subfield>
		<marc:subfield code="2">Adventure</marc:subfield>
		<marc:subfield code="5">Philip Quarll</marc:subfield>
		<marc:subfield code="2">Englishman</marc:subfield>
		<marc:subfield code="8">Lately</marc:subfield>
		<marc:subfield code="6">Discover</marc:subfield>
		<marc:subfield code="3">Uninhabited</marc:subfield>
		<marc:subfield code="2">Island</marc:subfield>
		<marc:subfield code="4">South-Sea</marc:subfield>
		<marc:subfield code="6">Live</marc:subfield>
		<marc:subfield code="3">Fifty</marc:subfield>
		<marc:subfield code="2">Year</marc:subfield>
		<marc:subfield code="3">Human</marc:subfield>
		<marc:subfield code="2">Assistance</marc:subfield>
		<marc:subfield code="6">Contain</marc:subfield>
		<marc:subfield code="2">Conference</marc:subfield>
		<marc:subfield code="6">Find</marc:subfield>
		<marc:subfield code="6">Recite</marc:subfield>
		<marc:subfield code="3">Material</marc:subfield>
		<marc:subfield code="2">Circumstance</marc:subfield>
		<marc:subfield code="6">Be</marc:subfield>
		<marc:subfield code="3">Born</marc:subfield>
		<marc:subfield code="2">Parish</marc:subfield>
		<marc:subfield code="4">St. Giles</marc:subfield>
		<marc:subfield code="6">Educate</marc:subfield>
		<marc:subfield code="2">Charity</marc:subfield>
		<marc:subfield code="2">Lady</marc:subfield>
		<marc:subfield code="6">Put</marc:subfield>
		<marc:subfield code="2">Apprentice</marc:subfield>
		<marc:subfield code="2">Lock-smith</marc:subfield>
		<marc:subfield code="6">Leave</marc:subfield>
		<marc:subfield code="2">Master</marc:subfield>
		<marc:subfield code="6">Take</marc:subfield>
		<marc:subfield code="3">Notorious</marc:subfield>
		<marc:subfield code="2">House-breaker</marc:subfield>
		<marc:subfield code="6">Hang</marc:subfield>
		<marc:subfield code="3">Lucky</marc:subfield>
		<marc:subfield code="2">Escape</marc:subfield>
		<marc:subfield code="6">Go</marc:subfield>
		<marc:subfield code="2">Sea</marc:subfield>
		<marc:subfield code="2">Cabin-boy</marc:subfield>
		<marc:subfield code="6">Marry</marc:subfield>
		<marc:subfield code="3">Famous</marc:subfield>
		<marc:subfield code="2">Prostitute</marc:subfield>
		<marc:subfield code="6">Enlist</marc:subfield>
		<marc:subfield code="3">Common</marc:subfield>
		<marc:subfield code="2">Soldier</marc:subfield>
		<marc:subfield code="6">Turn</marc:subfield>
		<marc:subfield code="2">Singing-master</marc:subfield>
		<marc:subfield code="3">Three</marc:subfield>
		<marc:subfield code="2">Wife</marc:subfield>
		<marc:subfield code="6">Try</marc:subfield>
		<marc:subfield code="6">Condemn</marc:subfield>
		<marc:subfield code="4">Old Bailey</marc:subfield>
		<marc:subfield code="6">Pardon</marc:subfield>
		<marc:subfield code="2">King</marc:subfield>
		<marc:subfield code="2">Merchant</marc:subfield>
		<marc:subfield code="3">Shipwrecked</marc:subfield>
		<marc:subfield code="3">Desolate</marc:subfield>
		<marc:subfield code="2">Island</marc:subfield>
		<marc:subfield code="2">Coast</marc:subfield>
		<marc:subfield code="4">Mexico</marc:subfield>
	</marc:datafield>
	<marc:datafield tag="999" ind1=" " ind2=" ">
		<marc:subfield code="a">SH</marc:subfield>
		<marc:subfield code="b">6/7/18</marc:subfield>
		<marc:subfield code="c">Swarthmore College</marc:subfield>
		<marc:subfield code="d">IC</marc:subfield>
	</marc:datafield>
</marc:record>