<marc:record xmlns:marc="http://www.loc.gov/MARC21/slim">
    <marc:leader>01166cam a2200313   4500</marc:leader>
    <marc:controlfield tag="001">993652563503681</marc:controlfield>
    <marc:controlfield tag="005">20141124143020.0</marc:controlfield>
    <marc:controlfield tag="008">781006s1795    xx a          00011 eng d</marc:controlfield>
    <marc:datafield tag="035" ind1=" " ind2=" ">
        <marc:subfield code="a">(OCoLC)ocm04278846</marc:subfield>
    </marc:datafield>
    <marc:datafield tag="035" ind1=" " ind2=" ">
        <marc:subfield code="a">(OCoLC)4278846</marc:subfield>
    </marc:datafield>
    <marc:datafield tag="035" ind1=" " ind2=" ">
        <marc:subfield code="a">(CStRLIN)PAUG4278846-B</marc:subfield>
    </marc:datafield>
    <marc:datafield tag="035" ind1=" " ind2=" ">
        <marc:subfield code="a">(CaOTULAS)105104122</marc:subfield>
    </marc:datafield>
    <marc:datafield tag="035" ind1=" " ind2=" ">
        <marc:subfield code="9">ABX1833</marc:subfield>
    </marc:datafield>
    <marc:datafield tag="035" ind1=" " ind2=" ">
        <marc:subfield code="a">365256</marc:subfield>
    </marc:datafield>
    <marc:datafield tag="035" ind1=" " ind2=" ">
        <marc:subfield code="a">(PU)365256-penndb-Voyager</marc:subfield>
    </marc:datafield>
    <marc:datafield tag="035" ind1=" " ind2=" ">
        <marc:subfield code="a">(PennHoldings)430389</marc:subfield>
    </marc:datafield>
    <marc:datafield tag="040" ind1=" " ind2=" ">
        <marc:subfield code="a">PU</marc:subfield>
        <marc:subfield code="c">PU</marc:subfield>
        <marc:subfield code="d">CStRLIN</marc:subfield>
    </marc:datafield>
    <marc:datafield tag="090" ind1=" " ind2=" ">
        <marc:subfield code="a">PR3329</marc:subfield>
        <marc:subfield code="b">.H1 1795</marc:subfield>
    </marc:datafield>
    <marc:datafield tag="100" ind1="1" ind2="0">
        <marc:subfield code="a">Bunyan, John,</marc:subfield>
        <marc:subfield code="d">1628-1688.</marc:subfield>
    </marc:datafield>
    <marc:datafield tag="245" ind1="1" ind2="4">
        <marc:subfield code="a">The Holy war,</marc:subfield>
        <marc:subfield code="b">made by King Shaddai upon Diabolus, for the regaining of the metropolis of the world; or, The losing and taking again of the town of Mansoul.</marc:subfield>
        <marc:subfield code="c">Written by John Bunyan.</marc:subfield>
    </marc:datafield>
    <marc:datafield tag="246" ind1=" " ind2=" ">
        <marc:subfield code="a">The Holy War, made by King Shaddai upon Diabolus, for the regaining of the metropolis of the world; or, the losing and taking again of the town of Mansoul. Written by John Bunyan, Author of the Pilgrim's Progress, &amp;c. A new edition, to which are subjoined notes, by Mr. Samuel Adams. Embellished with copper plates.</marc:subfield>
        <marc:subfield code="d">Letter-press</marc:subfield>
        <marc:subfield code="g">Full</marc:subfield>
        <marc:subfield code="x">Work</marc:subfield>
    </marc:datafield>
    <marc:datafield tag="246" ind1="0" ind2="7">
        <marc:subfield code="a">The Holy War, by Mr. John Bunyan.</marc:subfield>
    </marc:datafield>
    <marc:datafield tag="246" ind1="0" ind2="7">
        <marc:subfield code="a">The Holy War, (verso)</marc:subfield>
        <marc:subfield code="a">by Mr. John Bunyan. (recto)</marc:subfield>
    </marc:datafield>
    <marc:datafield tag="250" ind1=" " ind2=" ">
        <marc:subfield code="a">A new edition, to which are subjoined notes, by Samuel Adams. Embellished with copper plates.</marc:subfield>
    </marc:datafield>
    <marc:datafield tag="260" ind1="0" ind2=" ">
        <marc:subfield code="a">London</marc:subfield>
        <marc:subfield code="b">Printed for the proprietors; and sold by all booksellers in town and country.</marc:subfield>
        <marc:subfield code="c">1795</marc:subfield>
        <marc:subfield code="c">1795.</marc:subfield>
    </marc:datafield>
    <marc:datafield tag="300" ind1=" " ind2=" ">
        <marc:subfield code="a">viii, [iii]-iv, 338 p.</marc:subfield>
        <marc:subfield code="b">Ill.</marc:subfield>
        <marc:subfield code="c">21 cm.</marc:subfield>
        <marc:subfield code="x">Octavo</marc:subfield>
    </marc:datafield>
    <marc:datafield tag="500" ind1=" " ind2=" ">
        <marc:subfield code="a">Shaw and Shoemaker 8104.</marc:subfield>
    </marc:datafield>
    <marc:datafield tag="500" ind1=" " ind2=" ">
        <marc:subfield code="a">Bookplate on front paste-down endpaper, in ink: "University of Pennslyvania Libraries" and "Bibliotheca Universitatis Pennslyvaniensis" and "Rittenhouse Orrery" and "Gift of Miss S. Frances Vankirk"</marc:subfield>
    </marc:datafield>
    <marc:datafield tag="500" ind1=" " ind2=" ">
        <marc:subfield code="a">Illustrations on p. 17, 77, 92, 103, 162, 192, 315</marc:subfield>
    </marc:datafield>
    <marc:datafield tag="500" ind1=" " ind2=" ">
        <marc:subfield code="a">Caption of illustration on p.17: Diabolus in the form of a dragon, attended by ill-pause, haranguing the town of Mansoul, while Capt. Resistance is falling from the walls, having been shot by Tisiphone in ambuscade.</marc:subfield>
    </marc:datafield>
    <marc:datafield tag="500" ind1=" " ind2=" ">
        <marc:subfield code="a">Caption of illustration on p.77: The new soldiers (tradition, human wisdom, and man's invention) taken prisoners from the camp of Shaddai, &amp; brought before the giant Diabolus in his castle.</marc:subfield>
    </marc:datafield>
    <marc:datafield tag="500" ind1=" " ind2=" ">
        <marc:subfield code="a">Caption of illustration on p.92: Lord Understanding &amp; Mr. Conscience in prison, as ringleaders of the rioters in the town of Mansoul.</marc:subfield>
    </marc:datafield>
    <marc:datafield tag="500" ind1=" " ind2=" ">
        <marc:subfield code="a">Caption of illustration on p.103: The white flag which the 3 golden doves set up as a favorable signal before the town of Mansoul by order of Emanuel.</marc:subfield>
    </marc:datafield>
    <marc:datafield tag="500" ind1=" " ind2=" ">
        <marc:subfield code="a">Caption of illustration on p.162: Emanuel after gaining the victory entering the town of Mansoul in his chariots &amp;c.</marc:subfield>
    </marc:datafield>
    <marc:datafield tag="500" ind1=" " ind2=" ">
        <marc:subfield code="a">Caption of illustration on p.192:Emanuel renews their Charter and delivers it to the Elders of the town of Mansoul.</marc:subfield>
    </marc:datafield>
    <marc:datafield tag="500" ind1=" " ind2=" ">
        <marc:subfield code="a">Caption of illustration on p.315: Emanuel showing mercy to those who came out of blindzealshire, &amp;c. on their asking forgiveness.</marc:subfield>
    </marc:datafield>
	<marc:datafield tag="500" ind1=" " ind2=" ">
	    <marc:subfield code="a">Marginal glosses summarizing plot events are providing moral advice are featured throughout the novel.</marc:subfield>
	</marc:datafield>
    <marc:datafield tag="520" ind1=" " ind2=" ">
        <marc:subfield code="a">To the Reader</marc:subfield>
        <marc:subfield code="b">John Bunyan's Advertisement to the Reader</marc:subfield>
        <marc:subfield code="c">Front</marc:subfield>
        <marc:subfield code="x">Written in verse. First sentence of advertisement: "Some say the Pilgrim's Progress is not mine,---Insinuating as if I would shine---In name and fame by worth of another,---Like some made rich by robbing of their brother:" Signed: "John Bunyan."</marc:subfield>       
    </marc:datafield> 
    <marc:datafield tag="520" ind1=" " ind2=" ">
        <marc:subfield code="a">To the Reader</marc:subfield>
        <marc:subfield code="b">Mr. Bunyan's Address to the Reader</marc:subfield>
        <marc:subfield code="c">Front</marc:subfield>
        <marc:subfield code="x">Written in verse. First sentence of address: "'Tis strange to me, that they that love to tell--- Things done of old, yea, and that do excel--- Their equals in historiology,--- Speak not of Mansoul's wars, but let them lie--- Dead like old fables, or such wonderful things--- That to the reader no advantage brings:--- When men, let them make what they will their own,--- Till they know this, are to themselves unknown." Signed: "John Bunyan."</marc:subfield>       
    </marc:datafield> 
    <marc:datafield tag="520" ind1=" " ind2=" ">
        <marc:subfield code="a">Preface</marc:subfield>
        <marc:subfield code="b">Preface.</marc:subfield>
        <marc:subfield code="c">Front</marc:subfield>
        <marc:subfield code="x">First sentence of the preface: "The merit of Mr. John Bunyan's History of the How War is so universally known and acknowledged by Christians of all denominations, that to bestow any encomium upon it here would be both absurd and unnecessary; all Mr. Bunyan's productions, particulary the following History of the Holy War, and his Pilgrim's Progress, have met with general approbation; few compositions have been so well received and fewer indeed have kept their ground so long." Signed: "The editor."</marc:subfield> 
    </marc:datafield>
	<marc:datafield tag="520" ind1=" " ind2=" ">
		<marc:subfield code="a">Footnotes</marc:subfield>
		<marc:subfield code="c">Front</marc:subfield>
		<marc:subfield code="x">Located on pgs. v, vi, vii, viii.</marc:subfield>
	</marc:datafield>
    <marc:datafield tag="520" ind1=" " ind2=" ">
        <marc:subfield code="a">Footnotes</marc:subfield>
        <marc:subfield code="c">Middle</marc:subfield>
        <marc:subfield code="x">Footnotes on nearly every single page with text. These footnotes contain proverbs and moral teachings with some being taken from the Bible.  Transcription of first sentence of the footnote on p.9: "Satan could gain no advantage over Adam in paradise without the concurrence of his judgement, and consent of his will; but these being weakened, and at length overcome, by listening to the temptation." Transcription of first sentence of the footnote on p.17: "Beware of flattery and hypocrisy: especially of that cunning craftiness of false teachers, whereby they lie in wait to desceive unwary souls, having itching ears."</marc:subfield>        
    </marc:datafield>
    <marc:datafield tag="510" ind1="4" ind2=" ">
        <marc:subfield code="a">ESTC (RLIN)</marc:subfield>
        <marc:subfield code="c">T58566</marc:subfield>
    </marc:datafield>
    <marc:datafield tag="592" ind1=" " ind2=" ">
        <marc:subfield code="a">First-person</marc:subfield>
        <marc:subfield code="c">Poems</marc:subfield>
        <marc:subfield code="d">The advertisement and the author's address to the reader are in verse.</marc:subfield>
    </marc:datafield>
    <marc:datafield tag="599" ind1=" " ind2=" ">
        <marc:subfield code="a">Author (text)</marc:subfield>
        <marc:subfield code="b">Proper name</marc:subfield>
        <marc:subfield code="2">Written by John Bunyan</marc:subfield>
        <marc:subfield code="3">Title Page</marc:subfield>
        <marc:subfield code="5">Male</marc:subfield>
        <marc:subfield code="6">Male</marc:subfield>
    </marc:datafield> 
    <marc:datafield tag="599" ind1=" " ind2=" ">
        <marc:subfield code="a">Author (text)</marc:subfield>
        <marc:subfield code="b">Reference to other works</marc:subfield>
        <marc:subfield code="2">Author of the Pilgrim's Passage, &amp;c.</marc:subfield>
        <marc:subfield code="3">Title Page</marc:subfield>
        <marc:subfield code="5">Male</marc:subfield>
        <marc:subfield code="6">Male</marc:subfield>
    </marc:datafield> 
    <marc:datafield tag="599" ind1=" " ind2=" ">
        <marc:subfield code="a">Author (paratext)</marc:subfield>
        <marc:subfield code="b">Proper name</marc:subfield>
        <marc:subfield code="2">John Bunyan's Advertisement to the reader.</marc:subfield>
        <marc:subfield code="3">To the reader</marc:subfield>
        <marc:subfield code="5">Male</marc:subfield>
        <marc:subfield code="6">Male</marc:subfield>
    </marc:datafield> 
    <marc:datafield tag="599" ind1=" " ind2=" ">
        <marc:subfield code="a">Author (paratext)</marc:subfield>
        <marc:subfield code="b">Proper name</marc:subfield>
        <marc:subfield code="2">Mr. Bunyan's Address to the reader.</marc:subfield>
        <marc:subfield code="3">To the reader</marc:subfield>
        <marc:subfield code="5">Male</marc:subfield>
        <marc:subfield code="6">Male</marc:subfield>
    </marc:datafield> 
    <marc:datafield tag="599" ind1=" " ind2=" ">
        <marc:subfield code="a">Author (paratext)</marc:subfield>
        <marc:subfield code="b">Generic/Descriptive</marc:subfield>
        <marc:subfield code="2">The Editor.</marc:subfield>
        <marc:subfield code="3">Preface</marc:subfield>
        <marc:subfield code="5">Male</marc:subfield>
		<marc:subfield code="6">Unknown</marc:subfield>
    </marc:datafield> 
        <marc:datafield tag="599" ind1=" " ind2=" ">
        <marc:subfield code="a">Editor (text)</marc:subfield>
        <marc:subfield code="b">Proper name</marc:subfield>
        <marc:subfield code="2">A new edition to which are subjoined notes, by Mr. Samuel Adams.</marc:subfield>
        <marc:subfield code="3">Preface</marc:subfield>
        <marc:subfield code="5">Male</marc:subfield>
		<marc:subfield code="6">Unknown</marc:subfield>
    </marc:datafield>
    <marc:datafield tag="700" ind1="1" ind2=" ">
        <marc:subfield code="a">Samuel Adams</marc:subfield>
        <marc:subfield code="4">Editor (text)</marc:subfield>
        <marc:subfield code="5">Unauthorized</marc:subfield>
    </marc:datafield>
	<marc:datafield tag="700" ind1=" " ind2=" ">
		<marc:subfield code="a">Samuel Adams</marc:subfield>
		<marc:subfield code="4">Author (paratext)</marc:subfield>
		<marc:subfield code="5">Unauthorized</marc:subfield>
	</marc:datafield>
    <marc:datafield tag="700" ind1=" " ind2=" ">
        <marc:subfield code="a">Bunyan, John</marc:subfield>
        <marc:subfield code="d">1628-1688</marc:subfield>
        <marc:subfield code="4">Author (text)</marc:subfield>
        <marc:subfield code="5">Authorized</marc:subfield>
    </marc:datafield>
    <marc:datafield tag="700" ind1=" " ind2=" ">
        <marc:subfield code="a">Bunyan, John</marc:subfield>
        <marc:subfield code="d">1628-1688</marc:subfield>
        <marc:subfield code="4">Author (paratext)</marc:subfield>
        <marc:subfield code="5">Authorized</marc:subfield>
    </marc:datafield>
	<marc:datafield tag="700" ind1=" " ind2=" ">
		<marc:subfield code="a">S. Frances Vankirk</marc:subfield>
		<marc:subfield code="4">Author (bookplate)</marc:subfield>
		<marc:subfield code="5">Authorized</marc:subfield>
	</marc:datafield>
    <marc:datafield tag="710" ind1="2" ind2=" ">
        <marc:subfield code="a">Collection of British and American Fiction, 1660-1830 (University of Pennsylvania)</marc:subfield>
        <marc:subfield code="5">PU</marc:subfield>
    </marc:datafield>
    <marc:datafield tag="710" ind1="2" ind2=" ">
        <marc:subfield code="a">Early Novels</marc:subfield>
        <marc:subfield code="5">University of Pennsylvania</marc:subfield>
    </marc:datafield>
    <marc:datafield tag="950" ind1=" " ind2=" ">
        <marc:subfield code="l">VPL</marc:subfield>
        <marc:subfield code="i">01/01/01 N</marc:subfield>
    </marc:datafield>
    <marc:datafield tag="955" ind1=" " ind2=" ">
        <marc:subfield code="l">VPL</marc:subfield>
        <marc:subfield code="q">g.C.W.Burr sr</marc:subfield>
    </marc:datafield>
    <marc:datafield tag="955" ind1=" " ind2=" ">
        <marc:subfield code="l">VPL</marc:subfield>
        <marc:subfield code="q">g.C.W.Burr subs sr</marc:subfield>
    </marc:datafield>
    <marc:datafield tag="955" ind1=" " ind2=" ">
        <marc:subfield code="l">VPL</marc:subfield>
        <marc:subfield code="q">g.C.W. Burr.subs. sr</marc:subfield>
    </marc:datafield>
    <marc:datafield tag="989" ind1=" " ind2=" "> 
        <marc:subfield code="1">Pilgrim's Passage</marc:subfield>
        <marc:subfield code="2">War</marc:subfield>
        <marc:subfield code="2">King</marc:subfield>
        <marc:subfield code="2">Diabolus</marc:subfield>
        <marc:subfield code="2">Metropolis</marc:subfield>
        <marc:subfield code="2">World</marc:subfield>
        <marc:subfield code="2">Town</marc:subfield>
		<marc:subfield code="2">Edition</marc:subfield>
		<marc:subfield code="2">Note</marc:subfield>
		<marc:subfield code="2">Plate</marc:subfield>
        <marc:subfield code="3">Holy</marc:subfield>
		<marc:subfield code="3">New</marc:subfield>
		<marc:subfield code="3">Copper</marc:subfield>
        <marc:subfield code="4">Mansoul</marc:subfield>
        <marc:subfield code="5">King Shaddai</marc:subfield>
        <marc:subfield code="5">John Bunyan</marc:subfield>
        <marc:subfield code="5">Samuel Adams</marc:subfield>
        <marc:subfield code="6">Lose</marc:subfield>
        <marc:subfield code="6">Take</marc:subfield>
        <marc:subfield code="6">Made</marc:subfield>
        <marc:subfield code="6">Regain</marc:subfield>
		<marc:subfield code="6">Subjoin</marc:subfield>
		<marc:subfield code="6">Embellish</marc:subfield>
        <marc:subfield code="8">Again</marc:subfield>
    </marc:datafield>
    <marc:datafield tag="999" ind1=" " ind2=" ">
        <marc:subfield code="a">IC</marc:subfield>
        <marc:subfield code="b">6/6/18</marc:subfield>
        <marc:subfield code="c">University of Pennslyvania</marc:subfield>
		<marc:subfield code="d">OF</marc:subfield>
    </marc:datafield>
</marc:record>