<marc:record>
    <marc:leader>02086cam a2200397 a 4500</marc:leader>
    <marc:controlfield tag="005">20141218225949.0</marc:controlfield>
    <marc:controlfield tag="008">820914s1795    enkaf         000 1 eng d</marc:controlfield>
    <marc:controlfield tag="001">9939713383503681</marc:controlfield>
    <marc:datafield ind1=" " ind2=" " tag="035">
        <marc:subfield code="a">(OCoLC)ocm10095402</marc:subfield>
    </marc:datafield>
    <marc:datafield ind1=" " ind2=" " tag="035">
        <marc:subfield code="a">(OCoLC)10095402</marc:subfield>
    </marc:datafield>
    <marc:datafield ind1=" " ind2=" " tag="035">
        <marc:subfield code="a">(PUVoyagerBIBID)3971338</marc:subfield>
    </marc:datafield>
    <marc:datafield ind1=" " ind2=" " tag="035">
        <marc:subfield code="a">3971338</marc:subfield>
    </marc:datafield>
    <marc:datafield ind1=" " ind2=" " tag="035">
        <marc:subfield code="a">(PU)3971338-penndb-Voyager</marc:subfield>
    </marc:datafield>
    <marc:datafield ind1=" " ind2=" " tag="035">
        <marc:subfield code="a">(PennHoldings)4126021</marc:subfield>
    </marc:datafield>
    <marc:datafield ind1=" " ind2=" " tag="040">
        <marc:subfield code="a">IU</marc:subfield>
        <marc:subfield code="c">IU</marc:subfield>
        <marc:subfield code="d">*m/c*</marc:subfield>
        <marc:subfield code="d">OCoLC</marc:subfield>
        <marc:subfield code="d">MH-H</marc:subfield>
        <marc:subfield code="d">CStRLIN</marc:subfield>
        <marc:subfield code="d">PU</marc:subfield>
    </marc:datafield>
    <marc:datafield ind1=" " ind2="4" tag="050">
        <marc:subfield code="a">PR3991.A6</marc:subfield>
        <marc:subfield code="b">H7 1795</marc:subfield>
    </marc:datafield>
    <marc:datafield ind1="1" ind2=" " tag="100">
        <marc:subfield code="a">H. S.</marc:subfield>
    </marc:datafield>
    <marc:datafield ind1="1" ind2="0" tag="245">
        <marc:subfield code="a">Anecdotes of Mary, or, The good governess /</marc:subfield>
        <marc:subfield code="c">by the author of The history of the Davenport family.</marc:subfield>
    </marc:datafield>
    <marc:datafield ind1="3" ind2="0" tag="246">
        <marc:subfield code="a">Mary or, The Good Governess.</marc:subfield>
        <marc:subfield code="d">Letter-press</marc:subfield>
        <marc:subfield code="g">Half</marc:subfield>
        <marc:subfield code="x">Work</marc:subfield>
    </marc:datafield>
    <marc:datafield ind1="3" ind2="0" tag="246">
        <marc:subfield code="a">Anecdotes of Mary; or, The Good Governess. By the Author of The History of the Davenport Family.</marc:subfield>
        <marc:subfield code="d">Letter-press</marc:subfield>
        <marc:subfield code="g">Full</marc:subfield>
        <marc:subfield code="x">Work</marc:subfield>
    </marc:datafield> 
    <marc:datafield ind1="0" ind2="7" tag="246">
        <marc:subfield code="a">The Good Governess; or (verso)</marc:subfield>
        <marc:subfield code="a">Anecdotes of Mary. (recto)</marc:subfield>
    </marc:datafield>
    <marc:datafield ind1="0" ind2="7" tag="246">
        <marc:subfield code="a">Good governess; or, Anecdotes of Mary</marc:subfield>
    </marc:datafield>
    <marc:datafield ind1=" " ind2=" " tag="260">
        <marc:subfield code="a">London</marc:subfield>
        <marc:subfield code="b">Printed for E. Newberry, Corner of St. Paul's Church-Yard,</marc:subfield>
        <marc:subfield code="c">1795</marc:subfield>
        <marc:subfield code="c">M,DCC,XCV.</marc:subfield>
    </marc:datafield>
    <marc:datafield ind1=" " ind2=" " tag="300">
        <marc:subfield code="a">[1], 159, 4 p., [1] leaf of plates :</marc:subfield>
        <marc:subfield code="b">Ill.</marc:subfield>
        <marc:subfield code="c">18 cm. (12mo)</marc:subfield>
        <marc:subfield code="x">Duodecimo</marc:subfield>
    </marc:datafield>
    <marc:datafield ind1=" " ind2=" " tag="500">
        <marc:subfield code="a">Running title: The good governess, or, The anecdotes of Mary.</marc:subfield>
    </marc:datafield>
    <marc:datafield ind1=" " ind2=" " tag="500">
        <marc:subfield code="a">The frontispiece, which has title: The pleasures of benevolence, was probably engraved by William Blake. Cf. Note of bookseller, Stone hill, laid in; A bibliography of William Blake / G.L. Keynes. 1921, p. 239, item 107.</marc:subfield>
    </marc:datafield>
    <marc:datafield ind1=" " ind2=" " tag="500">
        <marc:subfield code="a">The History referred to is probably the one with the title: The History of the Davenport family ... with moral reflections / by H.S. Cf. Brit. Mus. Cat. and Evan ([1795?] and 1798 editions, respectively.)</marc:subfield>
    </marc:datafield>
    <marc:datafield ind1=" " ind2=" " tag="500">
        <marc:subfield code="a">"Publications for the instruction and amusements of young people. Printed for E. Newberry": 4 p. at end.</marc:subfield>
    </marc:datafield>
    <marc:datafield ind1=" " ind2=" " tag="500">
        <marc:subfield code="a">Caption of Illustration: The Pleasures of Benevolence.</marc:subfield>
    </marc:datafield>
    <marc:datafield ind1=" " ind2=" " tag="500">
        <marc:subfield code="a">Writing on front paste-down endpaper: "Mary Ann Williams"</marc:subfield>
    </marc:datafield>
    <marc:datafield ind1=" " ind2=" " tag="500">
        <marc:subfield code="a">Writing on front free endpaper: [illegible]</marc:subfield>
    </marc:datafield>
    <marc:datafield ind1=" " ind2=" " tag="500">
        <marc:subfield code="a">Broken red wax seal bearing the name "Mary" on inside back cover</marc:subfield>
    </marc:datafield>
    <marc:datafield ind1="4" ind2=" " tag="510">
        <marc:subfield code="a">Block, A. Engl. novel (1961 ed.),</marc:subfield>
        <marc:subfield code="c">p.8</marc:subfield>
    </marc:datafield>
    <marc:datafield ind1="4" ind2=" " tag="510">
        <marc:subfield code="a">ESTC</marc:subfield>
        <marc:subfield code="c">T95414</marc:subfield>
    </marc:datafield>
    <marc:datafield ind1=" " ind2=" " tag="520">
        <marc:subfield code="a">Footnotes</marc:subfield>
        <marc:subfield code="c">Middle</marc:subfield>
        <marc:subfield code="x">Transcription of footnote on p. 114: Mary had been taught, besides, to address a short prayer to the Deity, immediately upon waking, to acknowledge his goodness in having defended her from all "perils and dangers of the night," a tribute no grateful mind can neglect to pay.</marc:subfield> 
    </marc:datafield>
    <marc:datafield ind1=" " ind2=" " tag="590">
        <marc:subfield code="a">Acquired for the Penn Libraries with assistance from the Rosengarten Family Fund.</marc:subfield>
    </marc:datafield>
    <marc:datafield ind1=" " ind2=" " tag="590">
        <marc:subfield code="a">Final advertisement leaf wanting.</marc:subfield>
    </marc:datafield>
    <marc:datafield ind1=" " ind2=" " tag="591">
        <marc:subfield code="a">"Il faut petrir le pain des Enfans avec le Levian de la Raison et les accoutumer a la fentir et a la gouter."</marc:subfield>
        <marc:subfield code="1">Ecole Des Moeurs De' L'Abbe Blanchard.</marc:subfield>
        <marc:subfield code="b">Ecole Des Moeurs De' L'Abbe Blanchard</marc:subfield>            
        <marc:subfield code="c">Jean-Baptiste Blanchard</marc:subfield>            
        <marc:subfield code="d">The children's bread must be kneaded with the Leaven of Reason, and they must be accustomed to feasting and eating of it.</marc:subfield>
        <marc:subfield code="x">Translation source: https://translate.google.com/</marc:subfield>
    </marc:datafield>
    <marc:datafield ind1=" " ind2=" " tag="592">
        <marc:subfield code="a">Third-person</marc:subfield>
    </marc:datafield>
    <marc:datafield ind1=" " ind2=" " tag="594">
        <marc:subfield code="a">Mary Ann Williams</marc:subfield>
        <marc:subfield code="b">Ink</marc:subfield>
        <marc:subfield code="x">Location: Front cover</marc:subfield>
    </marc:datafield>
    <marc:datafield ind1=" " ind2=" " tag="594">
        <marc:subfield code="a">C.J Nof(?)son</marc:subfield>
        <marc:subfield code="b">Pencil</marc:subfield>
        <marc:subfield code="x">Location: Half title page</marc:subfield>
    </marc:datafield>
    <marc:datafield ind1=" " ind2=" " tag="595">
        <marc:subfield code="a">Ink</marc:subfield>
        <marc:subfield code="b">Drawings</marc:subfield>
        <marc:subfield code="x">Location: verso of last page of text; Description: circle with a line above it</marc:subfield>
    </marc:datafield>
    <marc:datafield ind1=" " ind2=" " tag="599">
        <marc:subfield code="a">Author (text)</marc:subfield>
        <marc:subfield code="b">Reference to other works</marc:subfield>
        <marc:subfield code="2">By the author of The History of the Davenport Family</marc:subfield>
        <marc:subfield code="3">Title Page</marc:subfield>
    </marc:datafield> 
    <marc:datafield ind1=" " ind2="4" tag="650">
        <marc:subfield code="a">CHR 1795</marc:subfield>
    </marc:datafield>
    <marc:datafield ind1=" " ind2="4" tag="650">
        <marc:subfield code="a">PRO Williams, Mary Ann (autograph)</marc:subfield>
    </marc:datafield>
    <marc:datafield ind1=" " ind2="7" tag="655">
        <marc:subfield code="a">Advertisements</marc:subfield>
        <marc:subfield code="z">Great Britain</marc:subfield>
        <marc:subfield code="z">London</marc:subfield>
        <marc:subfield code="y">18th century.</marc:subfield>
        <marc:subfield code="2">rbgenr</marc:subfield>
    </marc:datafield>
    <marc:datafield ind1=" " ind2=" " tag="656">
        <marc:subfield code="a">Mixed Genre</marc:subfield>
        <marc:subfield code="b">Back</marc:subfield>
        <marc:subfield code="c">Same publisher</marc:subfield>
    </marc:datafield>
    <marc:datafield ind1=" " ind2=" " tag="752">
        <marc:subfield code="a">England</marc:subfield>
        <marc:subfield code="d">London.</marc:subfield>
    </marc:datafield>
    <marc:datafield ind1="1" ind2=" " tag="700">
        <marc:subfield code="a">Blake, William,</marc:subfield>
        <marc:subfield code="d">1757-1827</marc:subfield>
        <marc:subfield code="5">Authorized</marc:subfield>
    </marc:datafield>
    <marc:datafield ind1=" " ind2=" " tag="700">
        <marc:subfield code="a">Mary Ann Williams</marc:subfield>
        <marc:subfield code="4">Inscribed by</marc:subfield>
        <marc:subfield code="5">Unauthorized</marc:subfield>
    </marc:datafield>
    <marc:datafield ind1=" " ind2=" " tag="700">
        <marc:subfield code="a">C.J Nof(?)son</marc:subfield>
        <marc:subfield code="4">Inscribed by</marc:subfield>
        <marc:subfield code="5">Unauthorized</marc:subfield>
    </marc:datafield>
    <marc:datafield ind1=" " ind2=" " tag="700">
        <marc:subfield code="a">Blanchard, Jean-Baptiste</marc:subfield>
        <marc:subfield code="d">1731-1797</marc:subfield>
        <marc:subfield code="4">Author (epigraph)</marc:subfield>
        <marc:subfield code="5">Authorized</marc:subfield>
    </marc:datafield>
        <marc:datafield ind1=" " ind2=" " tag="700">
        <marc:subfield code="a">E. Newberry</marc:subfield>
        <marc:subfield code="4">Printed for</marc:subfield>
        <marc:subfield code="5">Unauthorized</marc:subfield>
    </marc:datafield>
    <marc:datafield ind1="2" ind2=" " tag="710">
        <marc:subfield code="a">Collection of British and American Fiction, 1660-1830 (University of Pennsylvania)</marc:subfield>
        <marc:subfield code="5">PU</marc:subfield>
    </marc:datafield>
    <marc:datafield ind1="2" ind2=" " tag="710">
        <marc:subfield code="a">Early Novels</marc:subfield>
        <marc:subfield code="5">University of Pennsylvania</marc:subfield>
    </marc:datafield>
    <marc:datafield ind1="2" ind2=" " tag="710">
        <marc:subfield code="a">Rosengarten Family Fund.</marc:subfield>
        <marc:subfield code="5">PU</marc:subfield>
    </marc:datafield>
    <marc:datafield ind1="4" ind2="2" tag="856">
        <marc:subfield code="3">The Rosengarten Family Fund Home Page</marc:subfield>
        <marc:subfield code="u">http://hdl.library.upenn.edu/1017.12/366323</marc:subfield>
    </marc:datafield>
    <marc:datafield ind1=" " ind2=" " tag="989"> 
        <marc:subfield code="1">The History of the Davenport Family</marc:subfield>
        <marc:subfield code="2">Anecdote</marc:subfield>
        <marc:subfield code="2">Governess</marc:subfield>
        <marc:subfield code="2">Author</marc:subfield>
        <marc:subfield code="3">Good</marc:subfield>
        <marc:subfield code="5">Mary</marc:subfield>
    </marc:datafield>
    <marc:datafield ind1=" " ind2=" " tag="999">
        <marc:subfield code="a">IC</marc:subfield>
        <marc:subfield code="b">6/12/18</marc:subfield>
        <marc:subfield code="c">University of Pennsylvania</marc:subfield>
        <marc:subfield code="d">OF</marc:subfield>
    </marc:datafield>
</marc:record>