<marc:record>
    <marc:leader>01145cam a2200301   4500</marc:leader>
    <marc:controlfield tag="001">994381613503681</marc:controlfield>
    <marc:controlfield tag="005">20141125113019.0</marc:controlfield>
    <marc:controlfield tag="008">801103s1795    enk           00000 eng d</marc:controlfield>
    <marc:datafield tag="035" ind1=" " ind2=" ">
        <marc:subfield code="a">(OCoLC)ocm13597868</marc:subfield>
    </marc:datafield>
    <marc:datafield tag="035" ind1=" " ind2=" ">
        <marc:subfield code="a">(OCoLC)13597868</marc:subfield>
    </marc:datafield>
    <marc:datafield tag="035" ind1=" " ind2=" ">
        <marc:subfield code="a">(CStRLIN)PAUG19519133-B</marc:subfield>
    </marc:datafield>
    <marc:datafield tag="035" ind1=" " ind2=" ">
        <marc:subfield code="a">(CaOTULAS)105156709</marc:subfield>
    </marc:datafield>
    <marc:datafield tag="035" ind1=" " ind2=" ">
        <marc:subfield code="9">ACE9419</marc:subfield>
    </marc:datafield>
    <marc:datafield tag="035" ind1=" " ind2=" ">
        <marc:subfield code="a">438161</marc:subfield>
    </marc:datafield>
    <marc:datafield tag="035" ind1=" " ind2=" ">
        <marc:subfield code="a">(PU)438161-penndb-Voyager</marc:subfield>
    </marc:datafield>
    <marc:datafield tag="035" ind1=" " ind2=" ">
        <marc:subfield code="a">(PennHoldings)511431</marc:subfield>
    </marc:datafield>
    <marc:datafield tag="040" ind1=" " ind2=" ">
        <marc:subfield code="a">PU</marc:subfield>
        <marc:subfield code="c">PU</marc:subfield>
    </marc:datafield>
    <marc:datafield tag="090" ind1=" " ind2=" ">
        <marc:subfield code="a">DA486</marc:subfield>
        <marc:subfield code="b">.N67</marc:subfield>
        <marc:subfield code="i">03/29/82 CT</marc:subfield>
        <marc:subfield code="h">02/05/81 T</marc:subfield>
        <marc:subfield code="h">11/03/80 CT</marc:subfield>
    </marc:datafield>
    <marc:datafield tag="100" ind1="1" ind2="0">
        <marc:subfield code="a">Northmore, Thomas,</marc:subfield>
        <marc:subfield code="d">1766-1851.</marc:subfield>
    </marc:datafield>
    <marc:datafield tag="245" ind1="1" ind2="0">
        <marc:subfield code="a">Memoires of Planetes,</marc:subfield>
        <marc:subfield code="b">or a sketch of the laws and manners of Makar.</marc:subfield>
        <marc:subfield code="c">By Phileleutherus Devoniensis.</marc:subfield>
    </marc:datafield>
    <marc:datafield tag="246" ind1=" " ind2=" ">
        <marc:subfield code="a">Memoirs of Planetes, &amp;c.</marc:subfield>
		<marc:subfield code="d">Letter-press</marc:subfield>
		<marc:subfield code="g">Half</marc:subfield>
		<marc:subfield code="x">Work</marc:subfield>
    </marc:datafield>
    <marc:datafield tag="246" ind1=" " ind2=" ">
        <marc:subfield code="a">Memoirs of Planetes, or a sketch of the laws and manners of Makar. By Phileleutherus Devoniensis.</marc:subfield>
		<marc:subfield code="d">Letter-press</marc:subfield>
		<marc:subfield code="g">Full</marc:subfield>
		<marc:subfield code="x">Work</marc:subfield>
    </marc:datafield>
    <marc:datafield tag="260" ind1=" " ind2=" ">
        <marc:subfield code="a">London</marc:subfield>
        <marc:subfield code="b">Printed by Vaughan Griffiths, Strand; and sold by J. Johnson, St. Paul's Church Yard and J. Owen, Piccadilly</marc:subfield>
        <marc:subfield code="c">1795</marc:subfield>
        <marc:subfield code="c">1795.</marc:subfield>
    </marc:datafield>
    <marc:datafield tag="300" ind1=" " ind2=" ">
        <marc:subfield code="a">viii, 143 p.</marc:subfield>
		<marc:subfield code="b">Ill.</marc:subfield>
        <marc:subfield code="c">22 cm.</marc:subfield>
		<marc:subfield code="x">Octavo</marc:subfield>
    </marc:datafield>
	<marc:datafield tag="500" ind1=" " ind2=" ">
	    <marc:subfield code="a">Phileleutherus Devoniensis is a known (VIAF) pseudonym for Thomas Northmore</marc:subfield>
	</marc:datafield>
	<marc:datafield tag="500" ind1=" " ind2=" ">
	    <marc:subfield code="a">List of names and dates on front free endpaper; Similar to circulating library list, but no indication that this book was part of a circulating library; Names and dates are contemporary to publication.</marc:subfield>
	</marc:datafield>
	<marc:datafield tag="500" ind1=" " ind2=" ">
	    <marc:subfield code="a">Author claim in text. Author (text); Author claim description: Generic/Descriptive; Transcription: "Here it is proper to inform the reader, that in order not to alarm him by outlandish terms, I have for the most part, a few instances only excepted, presented him with these memoirs of Planetes in an English dress."; Location: pg. 68</marc:subfield>
	</marc:datafield>
	<marc:datafield tag="500" ind1=" " ind2=" ">
	    <marc:subfield code="a">Uses the more modern lower case 's' rather than the archaic, descending 's'</marc:subfield>
	</marc:datafield>
    <marc:datafield tag="510" ind1="4" ind2=" ">
        <marc:subfield code="a">ESTC</marc:subfield>
        <marc:subfield code="c">T108459</marc:subfield>
    </marc:datafield>
	<marc:datafield tag="520" ind1=" " ind2=" ">
	    <marc:subfield code="a">To the Reader</marc:subfield>
		<marc:subfield code="b">Phileleutherus Devoniensis to the Reader.</marc:subfield>
		<marc:subfield code="c">Front</marc:subfield>
		<marc:subfield code="x">Begins: "With whatever degree of partiality I may view the form of government here presented to you, and how fondly soever I may imagine it, in the abstract, to be calculated to ensure the happiness of mankind, I am ready to allow that in the present institutions of society, philosophy has yet much to do to prepare the minds of men to recieve it." Dated: "Dated amid the vice of London, March 16. 1795."</marc:subfield>
	</marc:datafield>
	<marc:datafield tag="520" ind1=" " ind2=" ">
	    <marc:subfield code="a">Footnotes</marc:subfield>
		<marc:subfield code="c">Middle</marc:subfield>
		<marc:subfield code="x">Footnotes appear on pages: VII, 6, 9, 28, 42, 48, 49, 50, 57, 58, 61, 65, 68, 71, 73, 77, 82, 85, 86, 87, 88, 90, 92, 94, 95, 96, 100, 101, 103, 111, 115, 116, 124, 127, 130, 131, 135</marc:subfield>
	</marc:datafield>
	<marc:datafield tag="591" ind1=" " ind2=" ">
	    <marc:subfield code="a">(in Greek)</marc:subfield>
		<marc:subfield code="2">Aristotle</marc:subfield>
		<marc:subfield code="x">Location: Full title page</marc:subfield>
	</marc:datafield>
	<marc:datafield tag="591" ind1=" " ind2=" ">
	    <marc:subfield code="a">(in Greek)</marc:subfield>
		<marc:subfield code="2">Aristotle</marc:subfield>
		<marc:subfield code="b">Forms of Government</marc:subfield>
		<marc:subfield code="c">Aristotle</marc:subfield>
		<marc:subfield code="d">It is evident then, that all those governments which have the common good in view are rightly established, and strictly just, but those which have in view only the good of the rulers, are all founded on wrong principles, and are widely different from what a government ought to be, for they are tyranny over slaves, whereas a city is a community of free men</marc:subfield>
	    <marc:subfield code="x">Location: Front free endpaper</marc:subfield>
		<marc:subfield code="x">Translation included in-text beneath epigraph; Translation credited in work to "Ellis."; Translation known to be by William Ellis</marc:subfield>
	</marc:datafield>
	<marc:datafield tag="592" ind1=" " ind2=" ">
	    <marc:subfield code="a">First-person</marc:subfield>
	</marc:datafield>
	<marc:datafield tag="595" ind1=" " ind2=" ">
	    <marc:subfield code="a">Ink</marc:subfield>
		<marc:subfield code="b">Words</marc:subfield>
		<marc:subfield code="x">Transcription: "6 Days---Giles Dec 17th---Lowell 23d---J Lankester 29---Calver Jan 4 1796---Cornell 10---JB Tailer 16---Newson 22---Hayward 28---Roger Tiel 3d---Baynum 9th---R Lankester 13th---Denny 19th---Alexander 25th---Ridley March 2nd---Pain 9---Pain---Studd 20th:"</marc:subfield>
	</marc:datafield>
	<marc:datafield tag="599" ind1=" " ind2=" ">
	    <marc:subfield code="a">Author (text)</marc:subfield>
		<marc:subfield code="b">Proper name</marc:subfield>
		<marc:subfield code="2">By Phileleutherus Devoniensis.</marc:subfield>
		<marc:subfield code="3">Title page</marc:subfield>
		<marc:subfield code="5">Indeterminate</marc:subfield>
		<marc:subfield code="6">Male</marc:subfield>
	</marc:datafield>
	<marc:datafield tag="599" ind1=" " ind2=" ">
	    <marc:subfield code="a">Author (paratext)</marc:subfield>
		<marc:subfield code="b">Proper name</marc:subfield>
		<marc:subfield code="2">Phileleutherus Devoniensis to the reader.</marc:subfield>
		<marc:subfield code="3">To the Reader</marc:subfield>
		<marc:subfield code="5">Indeterminate</marc:subfield>
		<marc:subfield code="6">Male</marc:subfield>
	</marc:datafield>
    <marc:datafield tag="650" ind1=" " ind2="0">
        <marc:subfield code="a">Voyages, Imaginary</marc:subfield>
    </marc:datafield>
    <marc:datafield tag="651" ind1=" " ind2="0">
        <marc:subfield code="a">Great Britain.</marc:subfield>
        <marc:subfield code="x">Politics and government</marc:subfield>
        <marc:subfield code="y">18th century</marc:subfield>
        <marc:subfield code="x">Anecdotes, facetiae, satire, etc.</marc:subfield>
    </marc:datafield>
	<marc:datafield tag="700" ind1=" " ind2=" ">
	    <marc:subfield code="a">Phileleutherus Devoniensis</marc:subfield>
		<marc:subfield code="4">Author (text)</marc:subfield>
		<marc:subfield code="5">Unauthorized</marc:subfield>
	</marc:datafield>
	<marc:datafield tag="700" ind1=" " ind2=" ">
	    <marc:subfield code="a">Phileleutherus Devoniensis</marc:subfield>
		<marc:subfield code="4">Author (paratext)</marc:subfield>
		<marc:subfield code="5">Unauthorized</marc:subfield>
	</marc:datafield>
	<marc:datafield tag="700" ind1=" " ind2=" ">
	    <marc:subfield code="a">Northmore, Thomas</marc:subfield>
		<marc:subfield code="d">1766-1851</marc:subfield>
		<marc:subfield code="4">Author (text)</marc:subfield>
		<marc:subfield code="5">Authorized</marc:subfield>
	</marc:datafield>
	<marc:datafield tag="700" ind1=" " ind2=" ">
	    <marc:subfield code="a">Northmore, Thomas</marc:subfield>
		<marc:subfield code="d">1766-1851</marc:subfield>
		<marc:subfield code="4">Author (paratext)</marc:subfield>
		<marc:subfield code="5">Authorized</marc:subfield>
	</marc:datafield>
	<marc:datafield tag="700" ind1=" " ind2=" ">
	    <marc:subfield code="a">Vaughan Griffiths</marc:subfield>
		<marc:subfield code="4">Printed by</marc:subfield>
		<marc:subfield code="5">Unauthorized</marc:subfield>
	</marc:datafield>
	<marc:datafield tag="700" ind1=" " ind2=" ">
	    <marc:subfield code="a">Johnson, Joseph</marc:subfield>
		<marc:subfield code="d">1738-1809</marc:subfield>
		<marc:subfield code="4">Sold by</marc:subfield>
		<marc:subfield code="5">Authorized</marc:subfield>
	</marc:datafield>
	<marc:datafield tag="700" ind1=" " ind2=" ">
	    <marc:subfield code="a">J. Owen</marc:subfield>
		<marc:subfield code="4">Sold by</marc:subfield>
		<marc:subfield code="5">Unauthorized</marc:subfield>
	</marc:datafield>
	<marc:datafield tag="700" ind1=" " ind2=" ">
		<marc:subfield code="a">Aristotle</marc:subfield>
		<marc:subfield code="4">Author (epigraph)</marc:subfield>
		<marc:subfield code="5">Authorized</marc:subfield>
	</marc:datafield>
    <marc:datafield tag="740" ind1="0" ind2="1">
        <marc:subfield code="a">Planetes.</marc:subfield>
    </marc:datafield>
    <marc:datafield tag="740" ind1="0" ind2="1">
        <marc:subfield code="a">Makar.</marc:subfield>
    </marc:datafield>
    <marc:datafield tag="710" ind1="2" ind2=" ">
        <marc:subfield code="a">Collection of British and American Fiction, 1660-1830 (University of Pennsylvania)</marc:subfield>
        <marc:subfield code="5">PU</marc:subfield>
    </marc:datafield>
    <marc:datafield tag="710" ind1="2" ind2=" ">
        <marc:subfield code="a">Early Novels</marc:subfield>
        <marc:subfield code="5">University of Pennsylvania</marc:subfield>
    </marc:datafield>
    <marc:datafield tag="950" ind1=" " ind2=" ">
        <marc:subfield code="l">RBC</marc:subfield>
        <marc:subfield code="i">03/29/82 C</marc:subfield>
    </marc:datafield>
    <marc:datafield tag="955" ind1=" " ind2=" ">
        <marc:subfield code="l">RBC</marc:subfield>
        <marc:subfield code="c">1</marc:subfield>
        <marc:subfield code="q">78304</marc:subfield>
        <marc:subfield code="i">03/29/82 C</marc:subfield>
    </marc:datafield>
	<marc:datafield tag="989" ind1=" " ind2=" ">
	    <marc:subfield code="2">Memoir</marc:subfield>
		<marc:subfield code="2">Sketch</marc:subfield>
		<marc:subfield code="2">Law</marc:subfield>
		<marc:subfield code="2">Manner</marc:subfield>
		<marc:subfield code="4">Makar</marc:subfield>
	</marc:datafield>
		<marc:datafield tag="999" ind1=" " ind2=" ">
	    <marc:subfield code="a">OF</marc:subfield>
		<marc:subfield code="b">6/6/18</marc:subfield>
		<marc:subfield code="c">Carnegie Mellon University</marc:subfield>
		<marc:subfield code="d">IC</marc:subfield>
	</marc:datafield>
</marc:record>