
<marc:record>
		<marc:leader>01531cam a2200337 a 4500</marc:leader>
		<marc:controlfield tag="005">20141219105326.0</marc:controlfield>
	<marc:controlfield tag="008">970514s1795    pau           000 f eng d</marc:controlfield>
	<marc:controlfield tag="001">9944020463503681</marc:controlfield>
	<marc:datafield ind1=" " ind2=" " tag="035">
		<marc:subfield code="a">(OCoLC)ocm08529216</marc:subfield>
	</marc:datafield>
	<marc:datafield ind1=" " ind2=" " tag="035">
		<marc:subfield code="a">(OCoLC)8529216</marc:subfield>
	</marc:datafield>
	<marc:datafield ind1=" " ind2=" " tag="035">
		<marc:subfield code="a">(PUVoyagerBIBID)4402046</marc:subfield>
	</marc:datafield>
	<marc:datafield ind1=" " ind2=" " tag="035">
		<marc:subfield code="a">4402046</marc:subfield>
	</marc:datafield>
	<marc:datafield ind1=" " ind2=" " tag="035">
		<marc:subfield code="a">(PU)4402046-penndb-Voyager</marc:subfield>
	</marc:datafield>
	<marc:datafield ind1=" " ind2=" " tag="035">
		<marc:subfield code="a">(PennHoldings) 4522175</marc:subfield>
	</marc:datafield>  
	<marc:datafield ind1=" " ind2=" " tag="040">
		<marc:subfield code="a">E8W</marc:subfield>
		<marc:subfield code="c">E8W</marc:subfield>
		<marc:subfield code="d">OCLCG</marc:subfield>
		<marc:subfield code="d">PAU</marc:subfield>
	</marc:datafield>
	<marc:datafield ind1=" " ind2="4" tag="050">
		<marc:subfield code="a">PR3779.Y4</marc:subfield>
		<marc:subfield code="b">R7 1795b</marc:subfield>
	</marc:datafield>
	<marc:datafield ind1="1" ind2=" " tag="100">
		<marc:subfield code="a">Yearsley, Ann,</marc:subfield>
		<marc:subfield code="d">1753-1806.</marc:subfield>
	</marc:datafield>
	<marc:datafield ind1="1" ind2="4" tag="245">
		<marc:subfield code="a">The royal captives :</marc:subfield>
		<marc:subfield code="b">a fragment of secret history /</marc:subfield>
		<marc:subfield code="c">copied from an old manuscript by Ann Yearsley.</marc:subfield>
	</marc:datafield>

	<marc:datafield ind1=" " ind2=" " tag="246">
		<marc:subfield code="a">The royal captives.</marc:subfield>
		<marc:subfield code="d">Letter-press</marc:subfield>
		<marc:subfield code="g">Half</marc:subfield>
		<marc:subfield code="x">Work</marc:subfield>
	</marc:datafield>
	<marc:datafield ind1=" " ind2=" " tag="246">
		<marc:subfield code="a">The royal captives: A fragment of secret history: Copied from an old manuscript, by Ann Yearsley.</marc:subfield>
		<marc:subfield code="d">Letter-press</marc:subfield>
		<marc:subfield code="g">Full</marc:subfield>
		<marc:subfield code="x">Work</marc:subfield>
	</marc:datafield>
	<marc:datafield ind1="0" ind2="7" tag="246">
		<marc:subfield code="a">The royal captives.</marc:subfield>
	</marc:datafield>
	<marc:datafield ind1="0" ind2="7" tag="246">
		<marc:subfield code="a">The royal captives. (recto)</marc:subfield>
		<marc:subfield code="a">The royal captives. (verso)</marc:subfield>
	</marc:datafield>

	<marc:datafield ind1=" " ind2=" " tag="260">
		<marc:subfield code="a">Philadelphia</marc:subfield>
		<marc:subfield code="b">Printed by William W. Woodward, Franklin's Head, no. 36, Chesnut Street.</marc:subfield>
		<marc:subfield code="c">1795</marc:subfield>
		<marc:subfield code="c">1795.</marc:subfield>
	</marc:datafield>

	<marc:datafield ind1=" " ind2=" " tag="300">
		<marc:subfield code="a">[8], 273, [3] p. ;</marc:subfield>
		<marc:subfield code="c">18 cm. (12mo)</marc:subfield>
		<marc:subfield code="x">Duodecimo</marc:subfield>
	</marc:datafield>

	<marc:datafield ind1=" " ind2=" " tag="500">
		<marc:subfield code="a">Comprises v. 1 and 2 of the four volume work. The third and fourth volumes were published as "Volume II" by Thomas Bradford in 1796.</marc:subfield>
	</marc:datafield>
	<marc:datafield ind1=" " ind2=" " tag="500">
		<marc:subfield code="a">Signatures: [A] B-2A (2A5 verso, 2A6 blank).</marc:subfield>
	</marc:datafield>
	<marc:datafield ind1=" " ind2=" " tag="500">
		<marc:subfield code="a">With a half-title.</marc:subfield>
	</marc:datafield>
	<marc:datafield ind1=" " ind2=" " tag="500">
		<marc:subfield code="a">"Mercantile Library Co" embossed on front cover.</marc:subfield>
	</marc:datafield>
	<marc:datafield ind1=" " ind2=" " tag="500">
		<marc:subfield code="a">Boxed with summary paper that reads: "Yearsley, Ann. Royal captives. A fragment of secrety history: Copied from an old manuscript. Philadelphia: William W. Woodward, 1795. 12mo. [8], 273 pp. Early American edition, from the first year of publication. The author, a dairywoman rescued from obscurity by Hannah More, apoogies in her preface for the rather abrupt ending of this melodramatic tale; two other volumes appeared in England, but the American version stopped with the present volume. The story, set in France, is based on the legend of the Man in the Iron Mask. Evans 29934. Contemporary half morocco and marbled paper sides, worn and abraded with front cover separated; front and back covers pressure-stamped by a now-defunct ibrary, spine with paper shelving label and loss of eather over head. Front fly-leaves and half-title separated. Title-page and several others stamped; stray pencil marks some light spotting. (4382)" Bottom in bold: "PRB&amp;M WWW.PRBM.COM PH 215.744.6734 FX 215.744.6137 RAREBKS@PRBM.COM SESSABKS"</marc:subfield>
	</marc:datafield>

	<marc:datafield ind1="4" ind2=" " tag="510">
		<marc:subfield code="a">Evans</marc:subfield>
		<marc:subfield code="c">29934.</marc:subfield>
	</marc:datafield>
	<marc:datafield ind1="4" ind2=" " tag="510">
		<marc:subfield code="a">ESTC</marc:subfield>
		<marc:subfield code="c">W22017</marc:subfield>
	</marc:datafield>

	<marc:datafield ind1=" " ind2=" " tag="520">
		<marc:subfield code="a">Preface</marc:subfield>
		<marc:subfield code="b">Preface.</marc:subfield>
		<marc:subfield code="c">Front</marc:subfield>
		<marc:subfield code="x">Has epigraph: "To be, or not to be, that is the question." from Shakespeare's Hamlet. Begins: "When Shakespeare wrote this line, he had lost sight of congregated Nature; since to exist, or not to exist, can never  be a question from existing substance." Signed: "Ann Yearsley."</marc:subfield>
	</marc:datafield>
	<marc:datafield ind1=" " ind2=" " tag="520">
		<marc:subfield code="a">Poem</marc:subfield>
		<marc:subfield code="b">An original: Or the elegy of Laura, tuned to the harp of Apollo</marc:subfield>
		<marc:subfield code="c">Middle</marc:subfield>
		<marc:subfield code="x">First stanza: "The lovely Laura early was beguil'd ---By Genius and by Hope--She mourn'd her lot; ---Saw splendour rise beyond her native wild, ---Panted for Fame and rashly left her cot."</marc:subfield>
	</marc:datafield>

	<marc:datafield ind1=" " ind2=" " tag="590">
		<marc:subfield code="a">Acquired for the Penn Libraries with assistance from the Alumni and Friends Memorial Book Fund.</marc:subfield>
	</marc:datafield>
	<marc:datafield ind1=" " ind2=" " tag="590">
		<marc:subfield code="a">Imperfect: half-title and final blank leaf wanting.</marc:subfield>
	</marc:datafield>

	<marc:datafield ind1=" " ind2=" " tag="591">
		<marc:subfield code="a">Dear spirit of refinement! ---From where thou hast chosen thy pure celestial dwelling, descend! ---From thee bright form of innocence ---Fly the brutal shadows that darken the bosom of man. ---Thine are the grand, the energetic, the invisible; ---Thou art the soul of the world.</marc:subfield>
	</marc:datafield>

	<marc:datafield ind1=" " ind2=" " tag="592">
		<marc:subfield code="a">First-person</marc:subfield>
		<marc:subfield code="c">Poems</marc:subfield>
	</marc:datafield>

	<marc:datafield ind1=" " ind2=" " tag="594">
		<marc:subfield code="a">Mercantile Library Philada.</marc:subfield>
		<marc:subfield code="b">Ink</marc:subfield>
		<marc:subfield code="x">Stamped in on title page and preface.</marc:subfield>
	</marc:datafield>

	<marc:datafield ind1=" " ind2=" " tag="595">
		<marc:subfield code="a">Pencil</marc:subfield>
		<marc:subfield code="b">Words</marc:subfield>
		<marc:subfield code="x">On title page: "another version? of the ?ran Mark"</marc:subfield>
	</marc:datafield>
	<marc:datafield ind1=" " ind2=" " tag="595">
		<marc:subfield code="a">Pencil</marc:subfield>
		<marc:subfield code="b">Drawings</marc:subfield>
		<marc:subfield code="x">Scribbles on last page of preface.</marc:subfield>
	</marc:datafield>
	<marc:datafield ind1=" " ind2=" " tag="595">
		<marc:subfield code="a">Pencil</marc:subfield>
		<marc:subfield code="b">Reader markings</marc:subfield>
		<marc:subfield code="x">On pgs. 181, 193. Brackets around paragraph, underlining. </marc:subfield>
	</marc:datafield>

	<marc:datafield ind1=" " ind2=" " tag="599">
		<marc:subfield code="a">Author (text)</marc:subfield>
		<marc:subfield code="b">Proper name</marc:subfield>
		<marc:subfield code="2">By Ann Yearsley.</marc:subfield>
		<marc:subfield code="3">Title page</marc:subfield>
		<marc:subfield code="5">Female</marc:subfield>
		<marc:subfield code="6">Female</marc:subfield>
	</marc:datafield>
	<marc:datafield ind1=" " ind2=" " tag="599">
		<marc:subfield code="a">Author (paratext)</marc:subfield>
		<marc:subfield code="b">Proper name</marc:subfield>
		<marc:subfield code="2">Ann Yearsley</marc:subfield>
		<marc:subfield code="3">Preface</marc:subfield>
		<marc:subfield code="5">Female</marc:subfield>
		<marc:subfield code="6">Female</marc:subfield>
	</marc:datafield>

	<marc:datafield ind1=" " ind2="4" tag="650">
		<marc:subfield code="a">CHR 1795</marc:subfield>
	</marc:datafield>
	<marc:datafield ind1=" " ind2="4" tag="650">
		<marc:subfield code="a">PRO Mercantile Library of Philadelphia (Stamp)</marc:subfield>
	</marc:datafield>

	<marc:datafield ind1=" " ind2=" " tag="700">
		<marc:subfield code="a">Yearsley, Ann</marc:subfield>
		<marc:subfield code="d">1753-1806</marc:subfield>
		<marc:subfield code="4">Author (text)</marc:subfield>
		<marc:subfield code="5">Authorized</marc:subfield>
	</marc:datafield>
	<marc:datafield ind1=" " ind2=" " tag="700">
		<marc:subfield code="a">Yearsley, Ann</marc:subfield>
		<marc:subfield code="d">1753-1806</marc:subfield>
		<marc:subfield code="4">Author (paratext)</marc:subfield>
		<marc:subfield code="5">Authorized</marc:subfield>
	</marc:datafield>
	<marc:datafield ind1=" " ind2=" " tag="700">
		<marc:subfield code="a">Woodward, William W.</marc:subfield>
		<marc:subfield code="4">Printed by</marc:subfield>
		<marc:subfield code="5">Authorized</marc:subfield>
	</marc:datafield>

	<marc:datafield ind1=" " ind2=" " tag="710">
		<marc:subfield code="a">Mercantile Library of Philadelphia</marc:subfield>
		<marc:subfield code="4">Inscribed by</marc:subfield>
		<marc:subfield code="5">Authorized</marc:subfield>
	</marc:datafield>
	<marc:datafield ind1="2" ind2=" " tag="710">
		<marc:subfield code="a">Collection of British and American Fiction, 1660-1830 (University of Pennsylvania)</marc:subfield>
		<marc:subfield code="5">PU</marc:subfield>
	</marc:datafield>
	<marc:datafield ind1="2" ind2=" " tag="710">
		<marc:subfield code="a">Alumni and Friends Memorial Book Fund.</marc:subfield>
		<marc:subfield code="5">PU</marc:subfield>
	</marc:datafield>
	<marc:datafield ind1="2" ind2=" " tag="710">
		<marc:subfield code="a">Early Novels</marc:subfield>
		<marc:subfield code="5">University of Pennsylvania</marc:subfield>
	</marc:datafield>

	<marc:datafield ind1="4" ind2="2" tag="856">
		<marc:subfield code="3">The Alumni and Friends Memorial Book Fund Home Page</marc:subfield>
		<marc:subfield code="u">http://hdl.library.upenn.edu/1017.12/366295</marc:subfield>
	</marc:datafield>

	<marc:datafield ind1=" " ind2=" " tag="989">
		<marc:subfield code="3">Royal</marc:subfield>
		<marc:subfield code="2">Captive</marc:subfield>
		<marc:subfield code="2">Fragment</marc:subfield>
		<marc:subfield code="3">Secret</marc:subfield>
		<marc:subfield code="2">History</marc:subfield>
		<marc:subfield code="6">Copy</marc:subfield>
		<marc:subfield code="3">Old</marc:subfield>
		<marc:subfield code="2">Manuscript</marc:subfield>
		<marc:subfield code="5">Ann Yearsley</marc:subfield>
	</marc:datafield>

	<marc:datafield ind1=" " ind2=" " tag="994">
		<marc:subfield code="a">C0</marc:subfield>
		<marc:subfield code="b">PAU</marc:subfield>
	</marc:datafield>
	
	<marc:datafield ind1=" " ind2=" " tag="999">
		<marc:subfield code="a">SH</marc:subfield>
		<marc:subfield code="b">6/13/18</marc:subfield>
		<marc:subfield code="c">Swarthmore College</marc:subfield>
		<marc:subfield code="d">OF</marc:subfield>
	</marc:datafield>
</marc:record>