
<marc:record>
    <marc:leader>02560cam a2200529 a 4500</marc:leader>
    <marc:controlfield tag="005">20141219114346.0</marc:controlfield>
    <marc:controlfield tag="008">801211s1795    fr a          000 f eng d</marc:controlfield>
    <marc:controlfield tag="001">9950074603503681</marc:controlfield>
    <marc:datafield ind1=" " ind2=" " tag="035">
        <marc:subfield code="a">(OCoLC)ocm07032379</marc:subfield>
    </marc:datafield>
    <marc:datafield ind1=" " ind2=" " tag="035">
        <marc:subfield code="a">(OCoLC)7032379</marc:subfield>
    </marc:datafield>
    <marc:datafield ind1=" " ind2=" " tag="035">
        <marc:subfield code="a">(PUVoyagerBIBID)5007460</marc:subfield>
    </marc:datafield>
    <marc:datafield ind1=" " ind2=" " tag="035">
        <marc:subfield code="a">5007460</marc:subfield>
    </marc:datafield>
    <marc:datafield ind1=" " ind2=" " tag="035">
        <marc:subfield code="a">(PU)5007460-penndb-Voyager</marc:subfield>
    </marc:datafield>
    <marc:datafield ind1=" " ind2=" " tag="040">
        <marc:subfield code="a">VA@</marc:subfield>
        <marc:subfield code="c">VA@</marc:subfield>
        <marc:subfield code="d">OCL</marc:subfield>
        <marc:subfield code="d">BOS</marc:subfield>
        <marc:subfield code="d">OCL</marc:subfield>
        <marc:subfield code="d">OCLCQ</marc:subfield>
        <marc:subfield code="d">BAKER</marc:subfield>
        <marc:subfield code="d">OCLCG</marc:subfield>
        <marc:subfield code="d">AN#</marc:subfield>
        <marc:subfield code="d">TOH</marc:subfield>
        <marc:subfield code="e">dcrmb</marc:subfield>
        <marc:subfield code="d">CUY</marc:subfield>
    </marc:datafield>
    <marc:datafield ind1="1" ind2=" " tag="041">
        <marc:subfield code="a">eng</marc:subfield>
        <marc:subfield code="h">fre</marc:subfield>
    </marc:datafield>
    <marc:datafield ind1=" " ind2="4" tag="050">
        <marc:subfield code="a">PQ2065.P3</marc:subfield>
        <marc:subfield code="b">E5 1795</marc:subfield>
    </marc:datafield>
    <marc:datafield ind1="1" ind2=" " tag="100">
        <marc:subfield code="a">Saint-Pierre, Bernardin de,</marc:subfield>
        <marc:subfield code="d">1737-1814.</marc:subfield>
    </marc:datafield>
    <marc:datafield ind1="1" ind2="0" tag="240">
        <marc:subfield code="a">Paul et Virginie.</marc:subfield>
        <marc:subfield code="l">English</marc:subfield>
    </marc:datafield>
    <marc:datafield ind1="1" ind2="0" tag="245">
        <marc:subfield code="a">Paul and Virginia /</marc:subfield>
        <marc:subfield code="c">translated from the French of Bernardin Saint-Pierre by Helen Maria Williams, author of Letters on the French Revolution, Julia a novel, Poems, &amp;c.</marc:subfield>
    </marc:datafield>
	<marc:datafield ind1=" " ind2=" " tag="246">
        <marc:subfield code="a">Paul and Virginia. Translated from the french of Bernardin Saint-Pierre.</marc:subfield>
		<marc:subfield code="d">Letter-press</marc:subfield>
		<marc:subfield code="g">Half</marc:subfield>
		<marc:subfield code="x">Work</marc:subfield>
    </marc:datafield>
    <marc:datafield ind1=" " ind2=" " tag="246">
        <marc:subfield code="a">Paul and Virginia. Translated from the French of Bernardin Saint-Pierre; By Helen Maria Williams, author of Letters on the French Revolution, Julia a novel, Poems, &amp;c.</marc:subfield>
		<marc:subfield code="d">Letter-press</marc:subfield>
		<marc:subfield code="g">Full</marc:subfield>
		<marc:subfield code="x">Work</marc:subfield>
    </marc:datafield>
	<marc:datafield ind1=" " ind2=" " tag="246">
		<marc:subfield code="a">Paul and Virginia.</marc:subfield>
		<marc:subfield code="d">Letter-press</marc:subfield>
		<marc:subfield code="g">Half</marc:subfield>
		<marc:subfield code="x">Work</marc:subfield>
	</marc:datafield>
    <marc:datafield ind1="0" ind2="7" tag="246">
        <marc:subfield code="a">Paul and Virginia.</marc:subfield>
    </marc:datafield>
    <marc:datafield ind1="0" ind2="7" tag="246">
        <marc:subfield code="a">Paul and Virginia.(verso)</marc:subfield>
		<marc:subfield code="a">Paul and Virginia.(recto)</marc:subfield>
    </marc:datafield>
    <marc:datafield ind1=" " ind2=" " tag="260">
        <marc:subfield code="a">Paris</marc:subfield>
        <marc:subfield code="b">John Hurford Stone?</marc:subfield>
        <marc:subfield code="c">1795</marc:subfield>
		<marc:subfield code="c">1795.</marc:subfield>
		<marc:subfield code="x">Publisher and site of publication not listed in book; the information above is included from the original Franklin marc:record</marc:subfield>
    </marc:datafield>
    <marc:datafield ind1=" " ind2=" " tag="300">
        <marc:subfield code="a">[2], viii, [2], 9-274 p., [6] leaves of plates :</marc:subfield>
        <marc:subfield code="b">Ill. (engravings)</marc:subfield>
        <marc:subfield code="c">23 cm (8vo)</marc:subfield>
		<marc:subfield code="x">Octavo</marc:subfield>
    </marc:datafield>
    <marc:datafield ind1=" " ind2=" " tag="500">
        <marc:subfield code="a">Translation of: Paul et Virginie.</marc:subfield>
    </marc:datafield>
    <marc:datafield ind1=" " ind2=" " tag="500">
		<marc:subfield code="a">Bookplate on front paste-down end page: "Librarie--Raymond Clavreuil--37.Rue.St.Andre des arts--Paris vi e."</marc:subfield>
	</marc:datafield>
	<marc:datafield ind1=" " ind2=" " tag="500">
        <marc:subfield code="a">The preface is dated: Paris, June, 1795.</marc:subfield>
    </marc:datafield>
    <marc:datafield ind1=" " ind2=" " tag="500">
        <marc:subfield code="a">ESTC gives place of publication as "London?" Printed in Paris, probably at the English Press of John Hurford Stone; see Stern, M.B.  English Press in Paris and its successors, 1793-1852 (PBSA 74 (1980): 307-359), p. 315.</marc:subfield>
    </marc:datafield>
    <marc:datafield ind1=" " ind2=" " tag="500">
        <marc:subfield code="a">"First edition"--Gumuchian.</marc:subfield>
    </marc:datafield>
    <marc:datafield ind1=" " ind2=" " tag="500">
        <marc:subfield code="a">Plates engraved by Clement, Lefebvre, and Mme Lingee, after Dutailly.</marc:subfield>
    </marc:datafield>
    <marc:datafield ind1=" " ind2=" " tag="500">
        <marc:subfield code="a">With a half-title, and a second half-title between p. viii and p. 9.</marc:subfield>
    </marc:datafield>
    <marc:datafield ind1=" " ind2=" " tag="500">
        <marc:subfield code="a">Signatures: pi1 A chi1 B-2L 2M1.</marc:subfield>
    </marc:datafield>
	<marc:datafield ind1=" " ind2=" " tag="500">
	   <marc:subfield code="a">Illustrations located: between pgs. 28 and 29, 62 and 63, 164 and 165, 240 and 241</marc:subfield>
	</marc:datafield>
    <marc:datafield ind1="4" ind2=" " tag="510">
        <marc:subfield code="a">ESTC</marc:subfield>
        <marc:subfield code="c">T131741</marc:subfield>
    </marc:datafield>
    <marc:datafield ind1="4" ind2=" " tag="510">
        <marc:subfield code="a">Gumuchian</marc:subfield>
        <marc:subfield code="c">5052</marc:subfield>
    </marc:datafield>
    <marc:datafield ind1="4" ind2=" " tag="510">
        <marc:subfield code="a">Cohen-De Ricci</marc:subfield>
        <marc:subfield code="c">col. 932</marc:subfield>
    </marc:datafield>
    <marc:datafield ind1=" " ind2=" " tag="500">
        <marc:subfield code="a">This ed. not in: Summers, M.  Gothic bib.; cf. p. 459.</marc:subfield>
    </marc:datafield>
	<marc:datafield ind1=" " ind2=" " tag="520">
	    <marc:subfield code="a">Preface</marc:subfield>
		<marc:subfield code="b">Preface.</marc:subfield>
		<marc:subfield code="c">Front</marc:subfield>
		<marc:subfield code="x">Transcription of first sentence: "The following translation of Paul and Virginia was written at Paris, amidst the horrors of Robespierre's tyranny."</marc:subfield>
	</marc:datafield>
	<marc:datafield ind1=" " ind2=" " tag="520">
	    <marc:subfield code="a">Poem</marc:subfield>
		<marc:subfield code="b">Sonnet, to disappointment.</marc:subfield>
		<marc:subfield code="c">Middle</marc:subfield>
		<marc:subfield code="x">Located on pg. 53. Transcription of first line: "Pale disappointment! at thy freezing name ---"</marc:subfield>
	</marc:datafield>
	<marc:datafield ind1=" " ind2=" " tag="520">
	    <marc:subfield code="a">Poem</marc:subfield>
		<marc:subfield code="b">Sonnet, to simplicity.</marc:subfield>
		<marc:subfield code="c">Middle</marc:subfield>
		<marc:subfield code="x">Located on pg. 78. Transcription of first sentence: "Nymph of the desert! on this lonely shore ---"</marc:subfield>
	</marc:datafield>
	<marc:datafield ind1=" " ind2=" " tag="520">
	    <marc:subfield code="a">Poem</marc:subfield>
		<marc:subfield code="b">Sonnet. To the strawberry.</marc:subfield>
		<marc:subfield code="c">Middle</marc:subfield>
		<marc:subfield code="x">Located on pg. 91. Transcription of first sentence: "The strawberry blooms upon its lowly bed,--- plant of my native soil!"</marc:subfield>
	</marc:datafield>
	<marc:datafield ind1=" " ind2=" " tag="520">
	    <marc:subfield code="a">Poem</marc:subfield>
		<marc:subfield code="b">Sonnet, to the curlew.</marc:subfield>
		<marc:subfield code="c">Middle</marc:subfield>
		<marc:subfield code="x">Located on pg. 105. Transcription of first sentence: "Sooth'd by the murmurs of the sea-beat shore,---his dun-grey plumage floating to the gale---the Curlew blends his melancholy wail---with those hoarse sounds the rushing waters pour"</marc:subfield>
	</marc:datafield>
	<marc:datafield ind1=" " ind2=" " tag="520">
	    <marc:subfield code="a">Poem</marc:subfield>
		<marc:subfield code="b">Sonnet, to the torrid zone.</marc:subfield>
		<marc:subfield code="c">Middle</marc:subfield>
		<marc:subfield code="x">Located on pg. 113. Transcription of first line: "Pathway of light! o'er thy empurpled zone ---"</marc:subfield>
	</marc:datafield>
	<marc:datafield ind1=" " ind2=" " tag="520">
	    <marc:subfield code="a">Poem</marc:subfield>
		<marc:subfield code="b">Sonnet, the white bird of the tropic.</marc:subfield>
		<marc:subfield code="c">Middle</marc:subfield>
		<marc:subfield code="x">Located on pg. 202. Transcription of first line: "Bird of the tropic! thou, who lov'st to stray,"</marc:subfield>
	</marc:datafield>
	<marc:datafield ind1=" " ind2=" " tag="520">
	    <marc:subfield code="a">Poem</marc:subfield>
		<marc:subfield code="b">Sonnet, to the calbassia-tree.</marc:subfield>
		<marc:subfield code="c">Middle</marc:subfield>
		<marc:subfield code="x">Located on pg. 200. Transcription of first line: "Sublime calbassia! luxuriant tree ---"</marc:subfield>
	</marc:datafield>
    <marc:datafield ind1=" " ind2=" " tag="590">
        <marc:subfield code="a">Acquired for the Penn Libraries with assistance from the Rosengarten Family Fund.</marc:subfield>
    </marc:datafield>
    <marc:datafield ind1=" " ind2=" " tag="590">
        <marc:subfield code="a">Acquired for the Penn Libraries with assistance from the Zachs-Adam Rare Book Fund.</marc:subfield>
    </marc:datafield>
	<marc:datafield ind1=" " ind2=" " tag="592">
	    <marc:subfield code="a">First-person</marc:subfield>
		<marc:subfield code="c">Poems</marc:subfield>
	</marc:datafield>
	<marc:datafield ind1=" " ind2=" " tag="596">
	    <marc:subfield code="a">Translation</marc:subfield>
		<marc:subfield code="b">Title page</marc:subfield>
		<marc:subfield code="c">French</marc:subfield>
		<marc:subfield code="e">Translated from the French of Bernardin Saint-Pierre.</marc:subfield>
	</marc:datafield>
	<marc:datafield ind1=" " ind2=" " tag="596">
	    <marc:subfield code="a">Translation</marc:subfield>
		<marc:subfield code="b">Title page</marc:subfield>
		<marc:subfield code="c">French</marc:subfield>
		<marc:subfield code="e">Translated from the French of Bernardin Saint-Pierre. By Helen Maria Williams</marc:subfield>
	</marc:datafield>
	<marc:datafield ind1=" " ind2=" " tag="596">
	    <marc:subfield code="a">Translation</marc:subfield>
		<marc:subfield code="b">Preface</marc:subfield>
		<marc:subfield code="c">French</marc:subfield>
		<marc:subfield code="e">"In this situation I gave myself the task of employing a few hours every day in translating the charming little novel of Bernardin St. Pierre, entitled 'Paul and Virginia;'"</marc:subfield>
	</marc:datafield>
	<marc:datafield ind1=" " ind2=" " tag="599">
		<marc:subfield code="a">Author (text)</marc:subfield>
		<marc:subfield code="b">Proper name</marc:subfield>
		<marc:subfield code="2">Translated from the French of Bernardin Saint-Pierre.</marc:subfield>
		<marc:subfield code="3">Title page</marc:subfield>
		<marc:subfield code="5">Male</marc:subfield>
		<marc:subfield code="6">Male</marc:subfield>
	</marc:datafield>
	<marc:datafield ind1=" " ind2=" " tag="599">
	    <marc:subfield code="a">Translator (text)</marc:subfield>
		<marc:subfield code="b">Proper name</marc:subfield>
		<marc:subfield code="2">Translated from the French of Bernardin Saint-Pierre. By Helen Maria Williams</marc:subfield>
		<marc:subfield code="3">Title page</marc:subfield>
		<marc:subfield code="5">Female</marc:subfield>
		<marc:subfield code="6">Female</marc:subfield>
	</marc:datafield>
	<marc:datafield ind1=" " ind2=" " tag="599">
	    <marc:subfield code="a">Translator (text)</marc:subfield>
		<marc:subfield code="b">Generic/Descriptive</marc:subfield>
		<marc:subfield code="2">In this situation I gave myself the task of employing a few hours every day in translating the charming little novel of Bernardin St. Pierre, entitled 'Paul and Virginia;'</marc:subfield>
		<marc:subfield code="3">Preface</marc:subfield>
		<marc:subfield code="5">Female</marc:subfield>
		<marc:subfield code="6">Female</marc:subfield>
	</marc:datafield>
	<marc:datafield ind1=" " ind2=" " tag="599">
	    <marc:subfield code="a">Author (paratext)</marc:subfield>
		<marc:subfield code="b">Proper name</marc:subfield>
		<marc:subfield code="2">Helen Maria Williams</marc:subfield>
		<marc:subfield code="3">Preface</marc:subfield>
		<marc:subfield code="5">Female</marc:subfield>
		<marc:subfield code="6">Female</marc:subfield>
	</marc:datafield>
    <marc:datafield ind1=" " ind2="0" tag="650">
        <marc:subfield code="a">Friendship</marc:subfield>
        <marc:subfield code="v">Fiction.</marc:subfield>
    </marc:datafield>
    <marc:datafield ind1=" " ind2="0" tag="650">
        <marc:subfield code="a">Slavery</marc:subfield>
        <marc:subfield code="v">Fiction.</marc:subfield>
    </marc:datafield>
    <marc:datafield ind1=" " ind2="0" tag="650">
        <marc:subfield code="a">Charity</marc:subfield>
        <marc:subfield code="v">Fiction.</marc:subfield>
    </marc:datafield>
    <marc:datafield ind1=" " ind2="0" tag="651">
        <marc:subfield code="a">Mauritius</marc:subfield>
        <marc:subfield code="v">Fiction.</marc:subfield>
    </marc:datafield>
    <marc:datafield ind1=" " ind2="4" tag="650">
        <marc:subfield code="a">CHR 1795</marc:subfield>
    </marc:datafield>
	<marc:datafield ind1=" " ind2=" " tag="700">
	    <marc:subfield code="a">Williams, Helen Maria</marc:subfield>
		<marc:subfield code="d">1762-1827</marc:subfield>
		<marc:subfield code="4">Translator (text)</marc:subfield>
		<marc:subfield code="5">Authorized</marc:subfield>
	</marc:datafield>
	<marc:datafield ind1=" " ind2=" " tag="700">
	    <marc:subfield code="a">Williams, Helen Maria</marc:subfield>
		<marc:subfield code="d">1762-1827</marc:subfield>
		<marc:subfield code="4">Author (paratext)</marc:subfield>
		<marc:subfield code="5">Authorized</marc:subfield>
	</marc:datafield>
	<marc:datafield ind1=" " ind2=" " tag="700">
		<marc:subfield code="a">Saint-Pierre, Bernardin de</marc:subfield>
		<marc:subfield code="d">1737-1814</marc:subfield>
		<marc:subfield code="4">Author (text)</marc:subfield>
		<marc:subfield code="5">Authorized</marc:subfield>
	</marc:datafield>
	<marc:datafield ind1=" " ind2=" " tag="700">
		<marc:subfield code="a">Dutailly</marc:subfield>
		<marc:subfield code="b">17..-18..</marc:subfield>
		<marc:subfield code="4">Author (illustration)</marc:subfield>
		<marc:subfield code="5">Authorized</marc:subfield>
	</marc:datafield>
	<marc:datafield ind1=" " ind2=" " tag="700">
		<marc:subfield code="a">Linge, Charles-Louis</marc:subfield>
		<marc:subfield code="d">1748-1819</marc:subfield>
		<marc:subfield code="4">Author (illustration)</marc:subfield>
		<marc:subfield code="5">Authorized</marc:subfield>
	</marc:datafield>
	<marc:datafield ind1=" " ind2=" " tag="700">
		<marc:subfield code="a">Lefebvre</marc:subfield>
		<marc:subfield code="4">Author (illustration)</marc:subfield>
		<marc:subfield code="5">Unauthorized</marc:subfield>
	</marc:datafield>
	<marc:datafield ind1=" " ind2=" " tag="700">
		<marc:subfield code="a">Clment</marc:subfield>
		<marc:subfield code="4">Author (illustration)</marc:subfield>
		<marc:subfield code="5">Unauthorized</marc:subfield>
	</marc:datafield>
	<marc:datafield ind1=" " ind2=" " tag="700">
		<marc:subfield code="a">Stone, John Hurford</marc:subfield>
		<marc:subfield code="b">1763-1818</marc:subfield>
		<marc:subfield code="4">Printed for</marc:subfield>
		<marc:subfield code="5">Authorized</marc:subfield>
	</marc:datafield>
	<marc:datafield ind1=" " ind2=" " tag="700">
		<marc:subfield code="a">Clavreuil, Raymond</marc:subfield>
		<marc:subfield code="b">1907-1991</marc:subfield>
		<marc:subfield code="4">Author (bookplate)</marc:subfield>
		<marc:subfield code="5">Authorized</marc:subfield>
	</marc:datafield>
    <marc:datafield ind1="1" ind2=" " tag="700">
        <marc:subfield code="a">Williams, Helen Maria,</marc:subfield>
        <marc:subfield code="d">1762-1827,</marc:subfield>
        <marc:subfield code="5">Authorized</marc:subfield>
    </marc:datafield>
    <marc:datafield ind1="1" ind2=" " tag="700">
        <marc:subfield code="a">Stone, John Hurford,</marc:subfield>
        <marc:subfield code="d">1763-1818,</marc:subfield>
        <marc:subfield code="5">Authorized</marc:subfield>
    </marc:datafield>
	<marc:datafield ind1=" " ind2=" " tag="710">
		<marc:subfield code="a">Librairie historique R. Clavreuil</marc:subfield>
		<marc:subfield code="4">Author (bookplate)</marc:subfield>
		<marc:subfield code="5">Authorized</marc:subfield>
	</marc:datafield>
    <marc:datafield ind1="2" ind2=" " tag="710">
        <marc:subfield code="a">Early Novels</marc:subfield>
        <marc:subfield code="5">University of Pennsylvania</marc:subfield>
    </marc:datafield>
    <marc:datafield ind1="2" ind2=" " tag="710">
        <marc:subfield code="a">Collection of British and American Fiction, 1660-1830 (University of Pennsylvania)</marc:subfield>
        <marc:subfield code="5">PU</marc:subfield>
    </marc:datafield>
    <marc:datafield ind1="2" ind2=" " tag="710">
        <marc:subfield code="a">Rosengarten Family Fund.</marc:subfield>
        <marc:subfield code="5">PU</marc:subfield>
    </marc:datafield>
    <marc:datafield ind1="2" ind2=" " tag="710">
        <marc:subfield code="a">Zachs-Adam Rare Book Fund.</marc:subfield>
        <marc:subfield code="5">PU</marc:subfield>
    </marc:datafield>
    <marc:datafield ind1=" " ind2=" " tag="752">
        <marc:subfield code="a">France</marc:subfield>
        <marc:subfield code="d">Paris.</marc:subfield>
    </marc:datafield>
    <marc:datafield ind1="4" ind2="2" tag="856">
        <marc:subfield code="3">The Rosengarten Family Fund Home Page</marc:subfield>
        <marc:subfield code="u">http://hdl.library.upenn.edu/1017.12/366323</marc:subfield>
    </marc:datafield>
    <marc:datafield ind1="4" ind2="2" tag="856">
        <marc:subfield code="3">The Zachs-Adam Rare Book Fund Home Page</marc:subfield>
        <marc:subfield code="u">http://hdl.library.upenn.edu/1017.12/554708</marc:subfield>
    </marc:datafield>
	<marc:datafield ind1=" " ind2=" " tag="989">
	    <marc:subfield code="1">Letters on the French Revolution</marc:subfield>
		<marc:subfield code="1">Julia a Novel</marc:subfield>
		<marc:subfield code="2">French</marc:subfield>
		<marc:subfield code="2">Author</marc:subfield>
		<marc:subfield code="2">Poem</marc:subfield>
		<marc:subfield code="5">Paul</marc:subfield>
		<marc:subfield code="5">Virginia</marc:subfield>
		<marc:subfield code="5">Bernardin Saint-Pierre</marc:subfield>
		<marc:subfield code="5">Helen Maria Williams</marc:subfield>
		<marc:subfield code="6">Translate</marc:subfield>
	</marc:datafield>
    <marc:datafield ind1=" " ind2=" " tag="994">
        <marc:subfield code="a">C0</marc:subfield>
        <marc:subfield code="b">PAU</marc:subfield>
    </marc:datafield>
	<marc:datafield ind1=" " ind2=" " tag="999">
	    <marc:subfield code="a">OF</marc:subfield>
		<marc:subfield code="b">6/11/18</marc:subfield>
		<marc:subfield code="c">Carnegie Mellon University</marc:subfield>
		<marc:subfield code="d">DPL</marc:subfield>
	</marc:datafield>
</marc:record>