
<marc:record>
	<marc:leader>01596cam a2200361 a 4500</marc:leader>
	<marc:controlfield tag="001">99553063503681</marc:controlfield>
	<marc:controlfield tag="005">20141119141844.0</marc:controlfield>
	<marc:controlfield tag="008">870409s1795    enk           00010 eng d</marc:controlfield>
	<marc:datafield tag="035" ind1=" " ind2=" ">
		<marc:subfield code="a">(OCoLC)ocm11129333</marc:subfield>
	</marc:datafield>
	<marc:datafield tag="035" ind1=" " ind2=" ">
		<marc:subfield code="a">(OCoLC)11129333</marc:subfield>
	</marc:datafield>
	<marc:datafield tag="035" ind1=" " ind2=" ">
		<marc:subfield code="a">(CStRLIN)PAUG87-B11310</marc:subfield>
	</marc:datafield>
	<marc:datafield tag="035" ind1=" " ind2=" ">
		<marc:subfield code="a">(CaOTULAS)185146749</marc:subfield>
	</marc:datafield>
	<marc:datafield tag="035" ind1=" " ind2=" ">
		<marc:subfield code="9">AAG3796</marc:subfield>
	</marc:datafield>
	<marc:datafield tag="035" ind1=" " ind2=" ">
		<marc:subfield code="a">55306</marc:subfield>
	</marc:datafield>
	<marc:datafield tag="035" ind1=" " ind2=" ">
		<marc:subfield code="a">(PU)55306-penndb-Voyager</marc:subfield>
	</marc:datafield>
	<marc:datafield tag="035" ind1=" " ind2=" ">
		<marc:subfield code="a">(PennHoldings) 69914</marc:subfield>
	</marc:datafield>
	<marc:datafield tag="040" ind1=" " ind2=" ">
		<marc:subfield code="a">PU</marc:subfield>
		<marc:subfield code="c">PU</marc:subfield>
	</marc:datafield>
	<marc:datafield tag="043" ind1=" " ind2=" ">
		<marc:subfield code="a">e------</marc:subfield>
	</marc:datafield>
	<marc:datafield tag="090" ind1=" " ind2=" ">
		<marc:subfield code="a">PR4859.K4</marc:subfield>
		<marc:subfield code="b">M3 1795</marc:subfield>
		<marc:subfield code="i">04/09/87 CT</marc:subfield>
	</marc:datafield>
	<marc:datafield tag="100" ind1="1" ind2="0">
		<marc:subfield code="a">Knight, Ellis Cornelia,</marc:subfield>
		<marc:subfield code="d">1757-1837.</marc:subfield>
	</marc:datafield>
	<marc:datafield tag="245" ind1="1" ind2="0">
		<marc:subfield code="a">Marcus Flaminius :</marc:subfield>
		<marc:subfield code="b">an historical novel, in a series of letters supposed to be written in the life-time of Germanicus /</marc:subfield>
		<marc:subfield code="c">by E. Cornelia Knight : in two volumes.</marc:subfield>
	</marc:datafield>
	<marc:datafield tag="246" ind1=" " ind2=" ">
		<marc:subfield code="a">Marcus Flaminius: An historical novel: In a series of letters, supposed to be written in the life-time of Germanicus. By E. Cornelia Knight. In Two Volumes. Vol. I.</marc:subfield>
		<marc:subfield code="d">Letter-press</marc:subfield>
		<marc:subfield code="g">Full</marc:subfield>
		<marc:subfield code="x">Volume</marc:subfield>
		<marc:subfield code="v">v.1</marc:subfield>
	</marc:datafield>
	<marc:datafield tag="246" ind1=" " ind2=" ">
		<marc:subfield code="a">Marcus Flaminius, an historical novel: In a series of letters, supposed to be written in the life-time of Germanicus. By E. Cornelia Knight. In two volumes. Vol. II.</marc:subfield>
		<marc:subfield code="d">Letter-press</marc:subfield>
		<marc:subfield code="g">Full</marc:subfield>
		<marc:subfield code="x">Volume</marc:subfield>
		<marc:subfield code="v">v.2</marc:subfield>
	</marc:datafield>
	<marc:datafield tag="246" ind1="0" ind2="7">
		<marc:subfield code="a">Marcus Flaminius; or, the life of the Romans.</marc:subfield>
		<marc:subfield code="v">v.1</marc:subfield>
		<marc:subfield code="v">v.2</marc:subfield>
	</marc:datafield>
	<marc:datafield tag="246" ind1="0" ind2="7">
		<marc:subfield code="a">Marcus Flaminius; or, (recto)</marc:subfield>
		<marc:subfield code="a">the life of the Romans. (verso)</marc:subfield>
		<marc:subfield code="v">v.1</marc:subfield>
		<marc:subfield code="v">v.2</marc:subfield>
	</marc:datafield>
	<marc:datafield tag="260" ind1="0" ind2=" ">
		<marc:subfield code="a">London</marc:subfield>
		<marc:subfield code="b">Printed for C. Dilly ...,</marc:subfield>
		<marc:subfield code="c">1795.</marc:subfield>
	</marc:datafield>
	<marc:datafield tag="260" ind1=" " ind2=" ">
		<marc:subfield code="a">London</marc:subfield>
		<marc:subfield code="b">Printed for C. Dilly, in the Poultry.</marc:subfield>
		<marc:subfield code="c">1795</marc:subfield>
		<marc:subfield code="c">M DCC XCV</marc:subfield>
		<marc:subfield code="v">v.1</marc:subfield>
		<marc:subfield code="v">v.2</marc:subfield>
	</marc:datafield>
	<marc:datafield tag="300" ind1=" " ind2=" ">
		<marc:subfield code="a">2 v. ;</marc:subfield>
		<marc:subfield code="c">22 cm. (8vo)</marc:subfield>
		<marc:subfield code="x">Octavo</marc:subfield>
		<marc:subfield code="z">In two volumes.</marc:subfield>
	</marc:datafield>
	<marc:datafield tag="500" ind1=" " ind2=" ">
		<marc:subfield code="a">First published in 1792 with alternate title: "Marcus Flaminius; Or, a view of the military, political and social life of the Romans, in a series of letters from a patrician to his friend; in the year DCC.LXII. from the foundation of Rome, to the year DCC.LXIX."</marc:subfield>
	</marc:datafield>
	<marc:datafield tag="500" ind1=" " ind2=" ">
		<marc:subfield code="a">Title-pages are cancels.</marc:subfield>
	</marc:datafield>
	<marc:datafield tag="500" ind1=" " ind2=" ">
		<marc:subfield code="a">Ripped scrap of written-on paper apparently once used as a book mark can be found between pages 202-203 of v.1. Scrap written on in pen in French.</marc:subfield>
	</marc:datafield>
	<marc:datafield tag="510" ind1="4" ind2=" ">
		<marc:subfield code="a">Black, F.G. Epistolary novel</marc:subfield>
		<marc:subfield code="c">560</marc:subfield>
	</marc:datafield>
	<marc:datafield tag="510" ind1="4" ind2=" ">
		<marc:subfield code="a">ESTC (RLIN)</marc:subfield>
		<marc:subfield code="c">N22577</marc:subfield>
	</marc:datafield>
	<marc:datafield tag="520" ind1=" " ind2=" ">
		<marc:subfield code="a">Dedication</marc:subfield>
		<marc:subfield code="c">Front</marc:subfield>
		<marc:subfield code="v">v.1</marc:subfield>
		<marc:subfield code="x">(Full transcription) To the right honourable the Earl of Orford, whose genius and taste must ever distinguish the name of Walpole in the annals of literature, this work is respectfully inscribed by his lordship's most obedient humble servant, E. Cornelia Knight.</marc:subfield>
	</marc:datafield>
	<marc:datafield tag="520" ind1=" " ind2=" ">
		<marc:subfield code="a">Preface</marc:subfield>
		<marc:subfield code="b">Preface.</marc:subfield>
		<marc:subfield code="c">Front</marc:subfield>
		<marc:subfield code="v">v.1</marc:subfield>
		<marc:subfield code="x">(First sentence) Few persons peruse the Roman history, without forming a wish that it were possible to become more intimately acquainted with the great characers described in it; and this thought seems particularly to strike those, who wander amidst the ruins of ancient Rome.</marc:subfield>
		<marc:subfield code="x">(Running title) Preface.</marc:subfield>
		<marc:subfield code="x">Concluded with epigraph "---his wondering eyes has cast---On ancient monuments of ages past." Attributed to "Rowe's Lucan. Pharsalia, Book ix."</marc:subfield>
	</marc:datafield>
	<marc:datafield tag="520" ind1=" " ind2=" ">
		<marc:subfield code="a">Footnotes</marc:subfield>
		<marc:subfield code="c">Middle</marc:subfield>
		<marc:subfield code="v">v.1</marc:subfield>
		<marc:subfield code="x">Footnotes located on pages: 2, 3, 5, 8, 14, 16, 26, 27, 33, 43, 52, 73, 74, 75, 77, 81, 82, 97, 103, 115, 137, 138, 144, 145, 146, 155, 158, 165, 167, 168, 173, 175, 176, 183, 190, 194, 197, 199, 200, 205, 209, 211, 212, 214, 216, 231, 233, 237, 245, 249, 254, 258, 261, 265, 266, 275, 278, 283, 287, 288, 289, 290, 291, 293, 294, 296, 297, 298, 299, 300, 301, 302, 303, 305, 306, 308, 309, 311, 312, 318, 320, 321, 323, 325, 327, 328, 329, 332, 335, 337, 340, 341, 343, 347, 348, 351, 352, 353, 357, 358, 360, 362, 364, 369, 370, 373, 375, 382, 383, 388, 392, 396, 397, 399, 400, 401.</marc:subfield>
	</marc:datafield>
	<marc:datafield tag="520" ind1=" " ind2=" ">
		<marc:subfield code="a">Footnotes</marc:subfield>
		<marc:subfield code="c">Middle</marc:subfield>
		<marc:subfield code="v">v.2</marc:subfield>
		<marc:subfield code="x">Footnotes located on pages: 2, 5, 9, 12, 17, 21, 28, 29, 36, 37, 38, 39, 49, 52, 55, 60, 61, 65, 108, 109, 112, 115, 121, 126, 130, 132, 133, 134, 135, 136, 137, 140, 142, 144, 145, 148, 155, 171, 173, 174, 175, 177, 178, 182-3, 189, 200, 201, 203, 204, 205, 207, 209, 210, 213, 214, 216, 217, 218, 220, 221, 222, 223, 224, 225, 226, 260, 265, 269, 279, 281, 291, 317, 328, 330, 331, 332, 334, 335, 336, 337-8.</marc:subfield>
	</marc:datafield>
	<marc:datafield tag="591" ind1=" " ind2=" ">
		<marc:subfield code="a">Stat sua cuique dies; breve et irreparabile tempus---Omnibus est vitae; sed famam extendere factis---Hoc virtutis opus.</marc:subfield>
		<marc:subfield code="1">Aen. Lib. x.</marc:subfield>
		<marc:subfield code="2">Virgil,</marc:subfield>
		<marc:subfield code="b">Aeneid</marc:subfield>
		<marc:subfield code="c">Virgil</marc:subfield>
		<marc:subfield code="d">The last day of each is fixed; brief and unrecoverable is the time all have of life; but to extend their fame, this is the work of the virtuous</marc:subfield>
		<marc:subfield code="v">v.1</marc:subfield>
		<marc:subfield code="x">Translation found through Encyclopedia of Diderot &amp; d'Alembert, collaborative translation project: https://quod.lib.umich.edu/d/did/did2222.0002.505/--moral-life?keywords=...;rgn=main;view=fulltext</marc:subfield>
		<marc:subfield code="x">Located on title page.</marc:subfield>
	</marc:datafield>
	<marc:datafield tag="591" ind1=" " ind2=" ">
		<marc:subfield code="a">Justum et tenacem propositi virum---Non civium ardor prava jubentium,---Non vultus instantis tyranni---Mente quatit solida.</marc:subfield>
		<marc:subfield code="1">B. III Ode iii.</marc:subfield>
		<marc:subfield code="2">Hor.</marc:subfield>
		<marc:subfield code="b">Odes</marc:subfield>
		<marc:subfield code="c">Horace</marc:subfield>
		<marc:subfield code="d">The man who is tenacious of purpose in a rightful cause is not shaken from his firm resolve by the frenzy of his fellow citizens clamoring for what is wrong, or by the tyrant's threatening countenance.</marc:subfield>
		<marc:subfield code="v">v.2</marc:subfield>
		<marc:subfield code="x">Translation found on Wikiquote: https://en.wikiquote.org/wiki/Horace </marc:subfield>
		<marc:subfield code="x">Located on title page.</marc:subfield>	
	</marc:datafield>
	<marc:datafield tag="592" ind1=" " ind2=" ">
		<marc:subfield code="a">Epistolary</marc:subfield>
	</marc:datafield>
	<marc:datafield tag="594" ind1=" " ind2=" ">
		<marc:subfield code="a">Mary J Tibbits Given to her by her Gd.mother at Barton(?) Hall August 1830</marc:subfield>
		<marc:subfield code="b">Pencil</marc:subfield>
		<marc:subfield code="x">Front free endpaper</marc:subfield>
		<marc:subfield code="v">v.1</marc:subfield>
	</marc:datafield>
	<marc:datafield tag="594" ind1=" " ind2=" ">
		<marc:subfield code="a">Mary J(?) Tibbits Given to her by dear GdMama At Barton(?) Hall August 1830</marc:subfield>
		<marc:subfield code="b">Pencil</marc:subfield>
		<marc:subfield code="x">Front pastdown endpaper</marc:subfield>
		<marc:subfield code="v">v.2</marc:subfield>
	</marc:datafield>
	<marc:datafield tag="599" ind1=" " ind2=" ">
		<marc:subfield code="a">Author (text)</marc:subfield>
		<marc:subfield code="b">Proper name</marc:subfield>
		<marc:subfield code="2">By E. Cornelia Knight</marc:subfield>
		<marc:subfield code="3">Title Page</marc:subfield>
		<marc:subfield code="5">Female</marc:subfield>
		<marc:subfield code="6">Female</marc:subfield>
	</marc:datafield>
	<marc:datafield tag="599" ind1=" " ind2=" ">
		<marc:subfield code="a">Author (paratext)</marc:subfield>
		<marc:subfield code="b">Proper name</marc:subfield>
		<marc:subfield code="2">...by His Lordship's most obedient humble servant, E. Cornelia Knight.</marc:subfield>
		<marc:subfield code="3">Dedication</marc:subfield>
		<marc:subfield code="5">Female</marc:subfield>
		<marc:subfield code="6">Female</marc:subfield>
	</marc:datafield>
	<marc:datafield tag="651" ind1=" " ind2="0">
		<marc:subfield code="a">Rome</marc:subfield>
		<marc:subfield code="x">History</marc:subfield>
		<marc:subfield code="y">Empire, 30 B.C.-284 A.D.</marc:subfield>
		<marc:subfield code="x">Fiction.</marc:subfield>
	</marc:datafield>
	<marc:datafield tag="655" ind1=" " ind2="7">
		<marc:subfield code="a">Epistolary fiction</marc:subfield>
		<marc:subfield code="z">England</marc:subfield>
		<marc:subfield code="y">18th century.</marc:subfield>
		<marc:subfield code="2">rbgenr</marc:subfield>
	</marc:datafield>
	<marc:datafield tag="650" ind1=" " ind2="4">
		<marc:subfield code="a">%CHR 1795</marc:subfield>
	</marc:datafield>
	<marc:datafield tag="700" ind1=" " ind2=" ">
		<marc:subfield code="a">Knight, Ellis Cornelia</marc:subfield>
		<marc:subfield code="d">1757-1837</marc:subfield>
		<marc:subfield code="4">Author (text)</marc:subfield>
		<marc:subfield code="5">Authorized</marc:subfield>
	</marc:datafield>
	<marc:datafield tag="700" ind1=" " ind2=" ">
		<marc:subfield code="a">Knight, Ellis Cornelia</marc:subfield>
		<marc:subfield code="d">1757-1837</marc:subfield>
		<marc:subfield code="4">Author (paratext)</marc:subfield>
		<marc:subfield code="5">Authorized</marc:subfield>
	</marc:datafield>
	<marc:datafield tag="700" ind1=" " ind2=" ">
		<marc:subfield code="a">Virgil</marc:subfield>
		<marc:subfield code="d">70-19 A.C.</marc:subfield>
		<marc:subfield code="4">Author (epigraph)</marc:subfield>
		<marc:subfield code="5">Authorized</marc:subfield>
	</marc:datafield>
	<marc:datafield tag="700" ind1=" " ind2=" ">
		<marc:subfield code="a">Dilly, Charles</marc:subfield>
		<marc:subfield code="d">1739-1807</marc:subfield>
		<marc:subfield code="4">Printed for</marc:subfield>
		<marc:subfield code="5">Authorized</marc:subfield>
	</marc:datafield>
	<marc:datafield tag="700" ind1=" " ind2=" ">
		<marc:subfield code="a">Walpole, Horace</marc:subfield>
		<marc:subfield code="d">1717-1797</marc:subfield>
		<marc:subfield code="4">Dedicatee</marc:subfield>
		<marc:subfield code="5">Authorized</marc:subfield>
	</marc:datafield>
	<marc:datafield tag="710" ind1="2" ind2=" ">
		<marc:subfield code="a">Collection of British and American Fiction, 1660-1830 (University of Pennsylvania)</marc:subfield>
		<marc:subfield code="5">PU</marc:subfield>
	</marc:datafield>
	<marc:datafield tag="710" ind1="2" ind2=" ">
		<marc:subfield code="a">Early Novels</marc:subfield>
		<marc:subfield code="5">University of Pennsylvania</marc:subfield>
	</marc:datafield>
	<marc:datafield tag="950" ind1=" " ind2=" ">
		<marc:subfield code="l">RBC</marc:subfield>
		<marc:subfield code="e">\\Another\copy\Singer-\Menden-\hall\</marc:subfield>
		<marc:subfield code="v">2 v.</marc:subfield>
		<marc:subfield code="i">04/09/87 C</marc:subfield>
	</marc:datafield>
	<marc:datafield tag="955" ind1=" " ind2=" ">
		<marc:subfield code="l">RBC</marc:subfield>
		<marc:subfield code="c">1:(v.1-2)</marc:subfield>
		<marc:subfield code="q">46-1099</marc:subfield>
		<marc:subfield code="i">04/09/87 C</marc:subfield>
	</marc:datafield>
	<marc:datafield tag="955" ind1=" " ind2=" ">
		<marc:subfield code="l">RBC</marc:subfield>
		<marc:subfield code="c">2:(v.1-2)</marc:subfield>
		<marc:subfield code="q">unac.</marc:subfield>
		<marc:subfield code="s">Singer-Mendenhall</marc:subfield>
		<marc:subfield code="i">04/09/87 C</marc:subfield>
	</marc:datafield>
	<marc:datafield tag="989" ind1=" " ind2=" ">
		<marc:subfield code="5">Marcus Flaminius</marc:subfield>
		<marc:subfield code="3">Historical</marc:subfield>
		<marc:subfield code="2">Novel</marc:subfield>
		<marc:subfield code="2">Series</marc:subfield>
		<marc:subfield code="7">Letter</marc:subfield>
		<marc:subfield code="6">Suppose</marc:subfield>
		<marc:subfield code="6">Be</marc:subfield>
		<marc:subfield code="6">Write</marc:subfield>
		<marc:subfield code="2">Life-time</marc:subfield>
		<marc:subfield code="5">Germanicus</marc:subfield>
		<marc:subfield code="5">E. Cornelia Knight</marc:subfield>
		<marc:subfield code="3">Two</marc:subfield>
		<marc:subfield code="2">Volume</marc:subfield>
	</marc:datafield>
	<marc:datafield tag="999" ind1=" " ind2=" ">
		<marc:subfield code="a">SH</marc:subfield>
		<marc:subfield code="b">6/1/2018</marc:subfield>
		<marc:subfield code="c">Swarthmore College</marc:subfield>
		<marc:subfield code="d">DPL</marc:subfield>
	</marc:datafield>
</marc:record>