	<marc:record>
	<marc:leader>01332cam a2200313 a 4500</marc:leader>
	<marc:controlfield tag="005">20141119144101.0</marc:controlfield>
	<marc:controlfield tag="008">870318s1795    enk           00000 eng d</marc:controlfield>
	<marc:controlfield tag="001">99599523503681</marc:controlfield>
	<marc:datafield ind1=" " ind2=" " tag="035">
		<marc:subfield code="a">(OCoLC)ocm13039336</marc:subfield>
	</marc:datafield>
	<marc:datafield ind1=" " ind2=" " tag="035">
		<marc:subfield code="a">(OCoLC)13039336</marc:subfield>
	</marc:datafield>
	<marc:datafield ind1=" " ind2=" " tag="035">
		<marc:subfield code="a">(CStRLIN)PAUG87-B7816</marc:subfield>
	</marc:datafield>
	<marc:datafield ind1=" " ind2=" " tag="035">
		<marc:subfield code="a">(CaOTULAS)185130186</marc:subfield>
	</marc:datafield>
	<marc:datafield ind1=" " ind2=" " tag="035">
		<marc:subfield code="9">AAG8649</marc:subfield>
	</marc:datafield>
	<marc:datafield ind1=" " ind2=" " tag="035">
		<marc:subfield code="a">59952</marc:subfield>
	</marc:datafield>
	<marc:datafield ind1=" " ind2=" " tag="035">
		<marc:subfield code="a">(PU)59952-penndb-Voyager</marc:subfield>
	</marc:datafield>
	<marc:datafield ind1=" " ind2=" " tag="035">
		<marc:subfield code="a">(PennHoldings)75587</marc:subfield>
	</marc:datafield>
	<marc:datafield ind1=" " ind2=" " tag="040">
		<marc:subfield code="a">IaU</marc:subfield>
		<marc:subfield code="c">IaU</marc:subfield>
		<marc:subfield code="d">PU</marc:subfield>
	</marc:datafield>
	<marc:datafield ind1=" " ind2=" " tag="090">
		<marc:subfield code="a">PN6173</marc:subfield>
		<marc:subfield code="b">.L46 1795</marc:subfield>
		<marc:subfield code="i">03/19/87 CT</marc:subfield>
	</marc:datafield>
	<marc:datafield ind1="0" ind2="0" tag="245">
		<marc:subfield code="a">Laugh and be fat, or The merry companion :</marc:subfield>
		<marc:subfield code="b">containing great variety of comical and diverting stories, a curious collection of poems, a select collection of epitaphs, a long string of out o'th' way conundrums and answers, and a choice collection of songs, sung at the public places of diversion.</marc:subfield>
	</marc:datafield>
	<marc:datafield ind1=" " ind2=" " tag="246">
		<marc:subfield code="a">Laugh and be fat, or the merry companion; containing great variety of comical and diverting stories: a curious collection of poems: a select collection of epitaphs: a long string of out o'th' way conundrums and answers: and a choice collection of songs, sung at the public places of diversion.</marc:subfield>
		<marc:subfield code="d">Letter-press</marc:subfield>
		<marc:subfield code="g">Full</marc:subfield>
		<marc:subfield code="x">Work</marc:subfield>
	</marc:datafield>
	<marc:datafield ind1="0" ind2=" " tag="260">
		<marc:subfield code="a">London</marc:subfield>
		<marc:subfield code="b">Printed for the booksellers in town and country,</marc:subfield>
		<marc:subfield code="c">1795</marc:subfield>
	</marc:datafield>
	<marc:datafield ind1=" " ind2=" " tag="300">
		<marc:subfield code="a">96 p. ;</marc:subfield>
		<marc:subfield code="b">Ill.</marc:subfield>
		<marc:subfield code="c">19 cm (12mo)</marc:subfield>
		<marc:subfield code="x">Duodecimo</marc:subfield>
	</marc:datafield>
	<marc:datafield ind1=" " ind2=" " tag="500">
		<marc:subfield code="a">Title vignette and headpiece.</marc:subfield>
	</marc:datafield>
	<marc:datafield ind1=" " ind2=" " tag="500">
		<marc:subfield code="a">Date of publication from BM.</marc:subfield>
	</marc:datafield>
	<marc:datafield ind1=" " ind2=" " tag="500">
		<marc:subfield code="a">On the front paste-down end page. Library of the University of Pennsylvania bookplate. Transcription: "Given through the friend of the library of the University of Pennsylvania by Mrs. John Frederick Lewis"</marc:subfield>
	</marc:datafield>
	<marc:datafield ind1=" " ind2=" " tag="500">
		<marc:subfield code="a">On the title page, scribbled over in ink: "Price one shilling."</marc:subfield>
	</marc:datafield>
	<marc:datafield ind1="4" ind2=" " tag="510">
		<marc:subfield code="a">ESTC</marc:subfield>
		<marc:subfield code="c">T37602</marc:subfield>
	</marc:datafield>
	<marc:datafield ind1=" " ind2=" " tag="592">
		<marc:subfield code="a">Third-person</marc:subfield>
		<marc:subfield code="c">Poems</marc:subfield>
		<marc:subfield code="c">Songs</marc:subfield>
	</marc:datafield>
	<marc:datafield ind1=" " ind2="0" tag="650">
		<marc:subfield code="a">English wit and humor</marc:subfield>
		<marc:subfield code="x">Collected works.</marc:subfield>
	</marc:datafield>
	<marc:datafield ind1=" " ind2="4" tag="650">
		<marc:subfield code="a">CHR 1795?</marc:subfield>
	</marc:datafield>
	<marc:datafield ind1=" " ind2="4" tag="650">
		<marc:subfield code="a">PRO Lewis, John F., Mrs. (donor)</marc:subfield>
	</marc:datafield>
	<marc:datafield ind1=" " ind2=" " tag="700">
		<marc:subfield code="a">Lewis, John Frederick</marc:subfield>
		<marc:subfield code="d">1805-1876</marc:subfield>
		<marc:subfield code="4">Author (bookplate)</marc:subfield>
		<marc:subfield code="5">Authorized</marc:subfield>
	</marc:datafield>
	<marc:datafield ind1="0" ind2="2" tag="740">
		<marc:subfield code="a">Merry companion.</marc:subfield>
	</marc:datafield>	
	<marc:datafield ind1="2" ind2=" " tag="710">
		<marc:subfield code="a">Early Novels</marc:subfield>
		<marc:subfield code="5">University of Pennsylvania</marc:subfield>
	</marc:datafield>
	<marc:datafield ind1="2" ind2=" " tag="710">
		<marc:subfield code="a">Collection of British and American Fiction, 1660-1830 (University of Pennsylvania)</marc:subfield>
		<marc:subfield code="5">PU</marc:subfield>
	</marc:datafield>	
	<marc:datafield ind1=" " ind2=" " tag="950">
		<marc:subfield code="l">RBC</marc:subfield>
		<marc:subfield code="i">03/19/87 C</marc:subfield>
	</marc:datafield>
	<marc:datafield ind1=" " ind2=" " tag="955">
		<marc:subfield code="l">RBC</marc:subfield>
		<marc:subfield code="c">1</marc:subfield>
		<marc:subfield code="q">850295</marc:subfield>
		<marc:subfield code="s">Friends of Lib. U.Penn. by Mrs. John F. Lewis</marc:subfield>
		<marc:subfield code="i">03/19/87 C</marc:subfield>
	</marc:datafield>
	<marc:datafield ind1=" " ind2=" " tag="989">
		<marc:subfield code="6">Laugh</marc:subfield>
		<marc:subfield code="3">Fat</marc:subfield>
		<marc:subfield code="3">Merry</marc:subfield>
		<marc:subfield code="2">Companion</marc:subfield>
		<marc:subfield code="6">Contain</marc:subfield>
		<marc:subfield code="3">Great</marc:subfield>
		<marc:subfield code="2">Variety</marc:subfield>
		<marc:subfield code="3">Comical</marc:subfield>
		<marc:subfield code="3">Diverting</marc:subfield>
		<marc:subfield code="2">Story</marc:subfield>
		<marc:subfield code="3">Curious</marc:subfield>
		<marc:subfield code="2">Collection</marc:subfield>
		<marc:subfield code="2">Poem</marc:subfield>
		<marc:subfield code="3">Select</marc:subfield>
		<marc:subfield code="2">Collection</marc:subfield>
		<marc:subfield code="2">Epitaph</marc:subfield>
		<marc:subfield code="3">Long</marc:subfield>
		<marc:subfield code="2">String</marc:subfield>
		<marc:subfield code="2">Conundrum</marc:subfield>
		<marc:subfield code="2">Answer</marc:subfield>
		<marc:subfield code="3">Choice</marc:subfield>
		<marc:subfield code="2">Collection</marc:subfield>
		<marc:subfield code="2">Song</marc:subfield>
	</marc:datafield>
	<marc:datafield ind1=" " ind2=" " tag="999">
		<marc:subfield code="a">DPL</marc:subfield>
		<marc:subfield code="b">6/13/18</marc:subfield>
		<marc:subfield code="c">University of Pennsylvania</marc:subfield>
		<marc:subfield code="d">IC</marc:subfield>
	</marc:datafield>
	</marc:record>