<marc:record>
    <marc:leader>01020cam a2200289 a 4500</marc:leader>
    <marc:controlfield tag="001">99753083503681</marc:controlfield>
    <marc:controlfield tag="005">20141119155251.0</marc:controlfield>
    <marc:controlfield tag="008">870226s1795    pau           00000 eng d</marc:controlfield>
    <marc:datafield tag="035" ind1=" " ind2=" ">
        <marc:subfield code="a">(OCoLC)ocm12937160</marc:subfield>
    </marc:datafield>
    <marc:datafield tag="035" ind1=" " ind2=" ">
        <marc:subfield code="a">(OCoLC)12937160</marc:subfield>
    </marc:datafield>
    <marc:datafield tag="035" ind1=" " ind2=" ">
        <marc:subfield code="a">(CStRLIN)PAUG87-B4945</marc:subfield>
    </marc:datafield>
    <marc:datafield tag="035" ind1=" " ind2=" ">
        <marc:subfield code="a">(CaOTULAS)185144867</marc:subfield>
    </marc:datafield>
    <marc:datafield tag="035" ind1=" " ind2=" ">
        <marc:subfield code="9">AAJ5463</marc:subfield>
    </marc:datafield>
    <marc:datafield tag="035" ind1=" " ind2=" ">
        <marc:subfield code="a">75308</marc:subfield>
    </marc:datafield>
    <marc:datafield tag="035" ind1=" " ind2=" ">
        <marc:subfield code="a">(PU)75308-penndb-Voyager</marc:subfield>
    </marc:datafield>
    <marc:datafield tag="035" ind1=" " ind2=" ">
        <marc:subfield code="a">(PennHoldings)93426</marc:subfield>
    </marc:datafield>
    <marc:datafield tag="040" ind1=" " ind2=" ">
        <marc:subfield code="a">PU</marc:subfield>
        <marc:subfield code="c">PU</marc:subfield>
    </marc:datafield>
    <marc:datafield tag="090" ind1=" " ind2=" ">
        <marc:subfield code="a">PR3991.A1</marc:subfield>
        <marc:subfield code="b">C38 1795b</marc:subfield>
        <marc:subfield code="i">02/26/87 CT</marc:subfield>
    </marc:datafield>
    <marc:datafield tag="245" ind1="0" ind2="4">
        <marc:subfield code="a">The Cavern of death :</marc:subfield>
        <marc:subfield code="b">a moral tale.</marc:subfield>
    </marc:datafield>
    <marc:datafield tag="246" ind1=" " ind2=" ">
        <marc:subfield code="a">The cavern of death, a moral tale.</marc:subfield>
        <marc:subfield code="d">Letter-press</marc:subfield>
        <marc:subfield code="g">Full</marc:subfield>
        <marc:subfield code="x">Work</marc:subfield>
    </marc:datafield>
    <marc:datafield tag="260" ind1="0" ind2=" ">
        <marc:subfield code="a">Philadelphia</marc:subfield>
        <marc:subfield code="b">Printed by and for William W. Woodward, Green Sign of Franklin's Head, No. 16, Chesnut Street.</marc:subfield>
        <marc:subfield code="c">1795</marc:subfield>
        <marc:subfield code="c">1795.</marc:subfield>
    </marc:datafield>
    <marc:datafield tag="300" ind1=" " ind2=" ">
        <marc:subfield code="a">iv, [1], 6-120 p. ;</marc:subfield>
        <marc:subfield code="c">18 cm. (12mo)</marc:subfield>
        <marc:subfield code="x">Duodecimo</marc:subfield>
    </marc:datafield>
    <marc:datafield tag="500" ind1=" " ind2=" ">
        <marc:subfield code="a">First published serially in the newspaper, The True Briton (London) in 1794.</marc:subfield>
    </marc:datafield>
    <marc:datafield tag="500" ind1=" " ind2=" ">
        <marc:subfield code="a">Bookplate with Library of the University of Pennslyvania crest on front paste-down endpaper: In black ink on the bookplate: "University of Pennslyvania Libraries--- Bibliotheca Universitatis Pennslyvaniensis--- Rittenhouse Orrery--- Presented by Charles W. Burr, M.D."</marc:subfield>
    </marc:datafield>
    <marc:datafield tag="500" ind1=" " ind2=" ">
        <marc:subfield code="a">Green sticker on the top-right margin of the front paste-down endpaper: In white ink: "The Book Collection--- Library University of Pennslyvania"</marc:subfield>
    </marc:datafield>
    <marc:datafield tag="500" ind1=" " ind2=" ">
        <marc:subfield code="a">In pencil on the verso of the full title page: "823" and "C 319"</marc:subfield>
    </marc:datafield>
    <marc:datafield tag="500" ind1=" " ind2=" ">
        <marc:subfield code="a">In pencil on the back free endpaper: "rbc PR 3991 A1 C38 1795b"</marc:subfield>
    </marc:datafield>
    <marc:datafield tag="500" ind1=" " ind2=" ">
        <marc:subfield code="a">In pencil on the back pasted-down endpaper: "823 C 319"</marc:subfield>
    </marc:datafield>
    <marc:datafield tag="500" ind1=" " ind2=" ">
        <marc:subfield code="a">Embossed on the title page and last page: "University of Pennslyvania Library"</marc:subfield>
    </marc:datafield>
    <marc:datafield tag="500" ind1=" " ind2=" ">
        <marc:subfield code="a">In pencil on full title page: "83"</marc:subfield>
    </marc:datafield>
    <marc:datafield tag="500" ind1=" " ind2=" ">
        <marc:subfield code="a">In blue ink on the Advertisement(recto): 735858 </marc:subfield> 
    </marc:datafield>
    <marc:datafield tag="510" ind1="4" ind2=" ">
        <marc:subfield code="a">Evans</marc:subfield>
        <marc:subfield code="c">28401</marc:subfield>
    </marc:datafield>
    <marc:datafield tag="510" ind1="4" ind2=" ">
        <marc:subfield code="a">ESTC (RLIN)</marc:subfield>
        <marc:subfield code="c">W37348</marc:subfield>
    </marc:datafield>
    <marc:datafield tag="520" ind1=" " ind2=" ">
        <marc:subfield code="a">Advertisement</marc:subfield>
        <marc:subfield code="b">Advertisement.</marc:subfield>
        <marc:subfield code="c">Front</marc:subfield>
        <marc:subfield code="x">First sentence: "The little Tale, which fills the following sheets, has, in parts, already appeared in the Newspaper entitled The True Briton."</marc:subfield>
        <marc:subfield code="x">Signed: "True Briton Office, No. 5, Catharine-Street, Strand, February 12, 1795"</marc:subfield>
    </marc:datafield>
    <marc:datafield tag="520" ind1=" " ind2=" ">
        <marc:subfield code="a">Footnotes</marc:subfield>
        <marc:subfield code="c">Middle</marc:subfield>
        <marc:subfield code="x">Footnote offset by an asterick referring to the Cavern of Death (p. 23): "Die Hole des Todes, is the name which is still retains ; and the neighboring Peasantry at this day dread to approach it, and entertain many wild and superstitious ideas respecting it."</marc:subfield>        
    </marc:datafield>
    <marc:datafield tag="592" ind1=" " ind2=" ">
        <marc:subfield code="a">Third-person</marc:subfield>
    </marc:datafield>
    <marc:datafield tag="596" ind1=" " ind2=" ">
        <marc:subfield code="a">Adaptation</marc:subfield>
        <marc:subfield code="b">Advertisement</marc:subfield>
    </marc:datafield>
    <marc:datafield tag="599" ind1=" " ind2=" ">
        <marc:subfield code="a">Editor (text)</marc:subfield>
        <marc:subfield code="b">Generic/Descriptive</marc:subfield>
        <marc:subfield code="2">The little tale which fills the following sheets, has, in part, already appeared in the newspaper entitled The True Briton. The attention which it has excited, has induced the editor of that paper to offer it complete to the public, the publication of the latter part of it in the paper having been prevented by the constant succession of great and important events which it was more peculiarly the business of a newspaper to record.</marc:subfield>
        <marc:subfield code="3">Advertisement</marc:subfield>
        <marc:subfield code="5">Indeterminate</marc:subfield>
    </marc:datafield> 
    <marc:datafield tag="599" ind1=" " ind2=" ">
        <marc:subfield code="a">Author (paratext)</marc:subfield>
        <marc:subfield code="b">True Briton Office</marc:subfield>
        <marc:subfield code="2">True Briton Office, No. 5, Catharine-Street, Strand, February 12, 1795</marc:subfield>
        <marc:subfield code="3">Advertisement</marc:subfield>
        <marc:subfield code="5">Indeterminate</marc:subfield>
    </marc:datafield>
    <marc:datafield tag="650" ind1=" " ind2="4">
        <marc:subfield code="a">CHR 1795</marc:subfield>
    </marc:datafield>
    <marc:datafield tag="650" ind1=" " ind2="4">
        <marc:subfield code="a">PRO Burr, Charles W. (Charles Walts), 1861- (donor)</marc:subfield>
    </marc:datafield>
    <marc:datafield tag="700" ind1=" " ind2=" ">
        <marc:subfield code="a">Woodward, William W.</marc:subfield>
        <marc:subfield code="4">Printed for</marc:subfield>
        <marc:subfield code="5">Authorized</marc:subfield>
    </marc:datafield>
    <marc:datafield tag="700" ind1=" " ind2=" ">
        <marc:subfield code="a">Woodward, William W.</marc:subfield>
        <marc:subfield code="4">Printed by</marc:subfield>
        <marc:subfield code="5">Authorized</marc:subfield>
    </marc:datafield>
    <marc:datafield tag="710" ind1=" " ind2=" ">
        <marc:subfield code="a">The True Briton</marc:subfield>
        <marc:subfield code="4">Editor (text)</marc:subfield>
        <marc:subfield code="5">Unauthorized</marc:subfield>
    </marc:datafield>         
    <marc:datafield tag="710" ind1="2" ind2=" ">
        <marc:subfield code="a">Early Novels</marc:subfield>
        <marc:subfield code="5">University of Pennsylvania</marc:subfield>
    </marc:datafield>
    <marc:datafield tag="710" ind1="2" ind2=" ">
        <marc:subfield code="a">Collection of British and American Fiction, 1660-1830 (University of Pennsylvania)</marc:subfield>
        <marc:subfield code="5">University of Pennsylvania</marc:subfield>
    </marc:datafield>
    <marc:datafield tag="950" ind1=" " ind2=" ">
        <marc:subfield code="l">RBC</marc:subfield>
        <marc:subfield code="i">02/26/87 C</marc:subfield>
    </marc:datafield>
    <marc:datafield tag="955" ind1=" " ind2=" ">
        <marc:subfield code="l">RBC</marc:subfield>
        <marc:subfield code="c">1</marc:subfield>
        <marc:subfield code="q">735858</marc:subfield>
        <marc:subfield code="s">g. Chas. W. Burr</marc:subfield>
        <marc:subfield code="i">02/26/87 C</marc:subfield>
    </marc:datafield>
    <marc:datafield tag="989" ind1=" " ind2=" ">
        <marc:subfield code="2">Cavern</marc:subfield>
        <marc:subfield code="2">Death</marc:subfield>
        <marc:subfield code="2">Tale</marc:subfield>
        <marc:subfield code="2">Sign</marc:subfield>
        <marc:subfield code="3">Moral</marc:subfield>
    </marc:datafield>
    <marc:datafield tag="999" ind1=" " ind2=" ">
        <marc:subfield code="a">IC</marc:subfield>
        <marc:subfield code="b">6/01/18</marc:subfield>
        <marc:subfield code="c">University of Pennslyvania</marc:subfield>
        <marc:subfield code="d">OF</marc:subfield>
    </marc:datafield>
</marc:record>