
<marc:record>
	<marc:leader>01023cam a2200289 a 4500</marc:leader>
	<marc:controlfield tag="001">99753103503681</marc:controlfield>
	<marc:controlfield tag="005">20141119155251.0</marc:controlfield>
	<marc:controlfield tag="008">870226s1795    enk           00000 eng d</marc:controlfield>
	<marc:datafield tag="035" ind1=" " ind2=" ">
		<marc:subfield code="a">(OCoLC)ocm13087797</marc:subfield>
	</marc:datafield>
	<marc:datafield tag="035" ind1=" " ind2=" ">
		<marc:subfield code="a">(OCoLC)13087797</marc:subfield>
	</marc:datafield>
	<marc:datafield tag="035" ind1=" " ind2=" ">
		<marc:subfield code="a">(CStRLIN)PAUG87-B4947</marc:subfield>
	</marc:datafield>
	<marc:datafield tag="035" ind1=" " ind2=" ">
		<marc:subfield code="a">(CaOTULAS)185144887</marc:subfield>
	</marc:datafield>
	<marc:datafield tag="035" ind1=" " ind2=" ">
		<marc:subfield code="9">AAJ5465</marc:subfield>
	</marc:datafield>
	<marc:datafield tag="035" ind1=" " ind2=" ">
		<marc:subfield code="a">75310</marc:subfield>
	</marc:datafield>
	<marc:datafield tag="035" ind1=" " ind2=" ">
		<marc:subfield code="a">(PU)75310-penndb-Voyager</marc:subfield>
	</marc:datafield>
	<marc:datafield tag="035" ind1=" " ind2=" ">
		<marc:subfield code="a">(PennHoldings) 93428</marc:subfield>
	</marc:datafield>
	<marc:datafield tag="040" ind1=" " ind2=" ">
		<marc:subfield code="a">PU</marc:subfield>
		<marc:subfield code="c">PU</marc:subfield>
	</marc:datafield>
	<marc:datafield tag="041" ind1=" " ind2=" ">
		<marc:subfield code="a">English</marc:subfield>
	</marc:datafield>
	<marc:datafield tag="090" ind1=" " ind2=" ">
		<marc:subfield code="a">PR3991.A1</marc:subfield>
		<marc:subfield code="b">C6645 1795</marc:subfield>
		<marc:subfield code="i">02/26/87 CT</marc:subfield>
	</marc:datafield>
	<marc:datafield tag="245" ind1="0" ind2="0">
		<marc:subfield code="a">Constantio and Selima :</marc:subfield>
		<marc:subfield code="b">A fairy tale.</marc:subfield>
	</marc:datafield>
	<marc:datafield tag="246" ind1=" " ind2=" ">
		<marc:subfield code="a">Constantio and Selima. A fairy tale.</marc:subfield>
		<marc:subfield code="d">Letter-press</marc:subfield>
		<marc:subfield code="g">Full</marc:subfield>
		<marc:subfield code="x">Work</marc:subfield>
	</marc:datafield>
	<marc:datafield tag="246" ind1="0" ind2="7">
		<marc:subfield code="a">Constantio and Selima. Chapter the [].</marc:subfield>
		<marc:subfield code="x">Changing running title</marc:subfield>
	</marc:datafield>
	<marc:datafield tag="246" ind1="0" ind2="7">
		<marc:subfield code="a">Constantio and Selima. (recto)</marc:subfield>
		<marc:subfield code="a">Chapter the []. (verso)</marc:subfield>
		<marc:subfield code="x">Changing running title</marc:subfield>
	</marc:datafield>
	<marc:datafield tag="260" ind1="0" ind2=" ">
		<marc:subfield code="a">Salisbury :</marc:subfield>
		<marc:subfield code="b">Printed by J. Easton for E. Newbery ...,</marc:subfield>
		<marc:subfield code="c">1795.</marc:subfield>
	</marc:datafield>
	<marc:datafield tag="260" ind1=" " ind2=" ">
		<marc:subfield code="a">Salisbury</marc:subfield>
		<marc:subfield code="b">Printed by J. Easton; For E. Newberry, the corner of St. Paul's church-yard, London.</marc:subfield>
		<marc:subfield code="c">1795.</marc:subfield>
		<marc:subfield code="c">1795</marc:subfield>
	</marc:datafield>
	<marc:datafield tag="261" ind1="0" ind2=" ">
        <marc:subfield code="b">Printed Printed by J. Easton; For E. Newberry, the corner of St. Paul's church-yard, London.</marc:subfield>
        <marc:subfield code="f">J. Easton</marc:subfield>
    </marc:datafield>
	<marc:datafield tag="300" ind1=" " ind2=" ">
		<marc:subfield code="a">[2], iii, [3], 76 p. ;</marc:subfield>
		<marc:subfield code="c">18 cm. (12mo)</marc:subfield>
		<marc:subfield code="x">Duodecimo</marc:subfield>
	</marc:datafield>
	<marc:datafield tag="500" ind1=" " ind2=" ">
		<marc:subfield code="a">Long duodecimo with vertical chainlines.</marc:subfield>
	</marc:datafield>
	<marc:datafield tag="500" ind1=" " ind2=" ">
		<marc:subfield code="a">Signatures: A-D12 E2.</marc:subfield>
	</marc:datafield>
	<marc:datafield tag="500" ind1=" " ind2=" ">
		<marc:subfield code="a">Not listed in Welsh, C.  Bookseller of the last century (1885)</marc:subfield>
	</marc:datafield>
	<marc:datafield tag="500" ind1=" " ind2=" ">
		<marc:subfield code="a">Different insignia stamps at the end of each chapter, except the second chapter.</marc:subfield>
	</marc:datafield>
	<marc:datafield tag="510" ind1="4" ind2=" ">
		<marc:subfield code="a">ESTC (RLIN)</marc:subfield>
		<marc:subfield code="c">N4664</marc:subfield>
	</marc:datafield>
	<marc:datafield tag="520" ind1=" " ind2=" ">
		<marc:subfield code="a">Dedication</marc:subfield>
		<marc:subfield code="b">Dedication. To Isabella.</marc:subfield>
		<marc:subfield code="c">Front</marc:subfield>
		<marc:subfield code="x"> Begins: "My dear Isabella, Some wise men and learned ladies are of opinion, that fables and fairy tales are improper for children, because they pervert their early minds, by deceiving them into a notion that animals and birds talk, and that wonderful and extraordinary events are performed by magic art." Signed: "I am, my dear Isabella, your's, &amp;c. The Author. May 1, 1795." </marc:subfield>
	</marc:datafield>
	<marc:datafield tag="520" ind1=" " ind2=" ">
		<marc:subfield code="a">Table of contents</marc:subfield>
		<marc:subfield code="b">Contents.</marc:subfield>
		<marc:subfield code="c">Front</marc:subfield>
	</marc:datafield>
	<marc:datafield tag="592" ind1=" " ind2=" ">
		<marc:subfield code="a">Third-person</marc:subfield>
	</marc:datafield>
	<marc:datafield tag="599" ind1=" " ind2=" ">
		<marc:subfield code="a">Author (text)</marc:subfield>
		<marc:subfield code="b">Generic/Descriptive</marc:subfield>
		<marc:subfield code="2">The Author</marc:subfield>
		<marc:subfield code="3">Dedication</marc:subfield>
		<marc:subfield code="5">Indeterminate</marc:subfield>
		<marc:subfield code="6">Unknown</marc:subfield>
	</marc:datafield>
	<marc:datafield tag="599" ind1=" " ind2=" ">
		<marc:subfield code="a">Author (paratext)</marc:subfield>
		<marc:subfield code="b">Generic/Descriptive</marc:subfield>
		<marc:subfield code="2">The Author</marc:subfield>
		<marc:subfield code="3">Dedication</marc:subfield>
		<marc:subfield code="5">Indeterminate</marc:subfield>
		<marc:subfield code="6">Unknown</marc:subfield>
	</marc:datafield>
	<marc:datafield tag="650" ind1=" " ind2="4">
		<marc:subfield code="a">CHR 1795</marc:subfield>
	</marc:datafield>
	<marc:datafield tag="700" ind1=" " ind2=" ">
		<marc:subfield code="a">J. Easton</marc:subfield>
		<marc:subfield code="4">Printed by</marc:subfield>
		<marc:subfield code="5">Unauthorized</marc:subfield>
	</marc:datafield>
	<marc:datafield tag="700" ind1=" " ind2=" ">
		<marc:subfield code="a">Newbery, E. (Elizabeth)</marc:subfield>
		<marc:subfield code="d">1746-1821</marc:subfield>
		<marc:subfield code="4">Printed for</marc:subfield>
		<marc:subfield code="5">Authorized</marc:subfield>
	</marc:datafield>
	<marc:datafield tag="700" ind1=" " ind2=" ">
		<marc:subfield code="a">Isabella</marc:subfield>
		<marc:subfield code="4">Dedicatee</marc:subfield>
		<marc:subfield code="5">Unauthorized</marc:subfield>
	</marc:datafield>
	<marc:datafield tag="710" ind1="2" ind2=" ">
		<marc:subfield code="a">Collection of British and American Fiction, 1660-1830 (University of Pennsylvania)</marc:subfield>
		<marc:subfield code="5">PU</marc:subfield>
	</marc:datafield>
	<marc:datafield tag="710" ind1="2" ind2=" ">
		<marc:subfield code="a">Early Novels</marc:subfield>
		<marc:subfield code="5">University of Pennsylvania</marc:subfield>
	</marc:datafield>
	<marc:datafield tag="950" ind1=" " ind2=" ">
		<marc:subfield code="l">RBC</marc:subfield>
		<marc:subfield code="e">\\Singer-\Menden-\hall\</marc:subfield>
		<marc:subfield code="i">02/26/87 C</marc:subfield>
	</marc:datafield>
	<marc:datafield tag="955" ind1=" " ind2=" ">
		<marc:subfield code="l">RBC</marc:subfield>
		<marc:subfield code="c">1</marc:subfield>
		<marc:subfield code="q">726763</marc:subfield>
		<marc:subfield code="s">Singer Mem.</marc:subfield>
		<marc:subfield code="i">02/26/87 C</marc:subfield>
	</marc:datafield>
	<marc:datafield tag="989" ind1=" " ind2=" ">
		<marc:subfield code="5">Constantio</marc:subfield>
		<marc:subfield code="5">Selima</marc:subfield>
		<marc:subfield code="2">Fairy</marc:subfield>
		<marc:subfield code="2">Tale</marc:subfield>
	</marc:datafield>
	<marc:datafield tag="999" ind1=" " ind2=" ">
		<marc:subfield code="a">SH</marc:subfield>
		<marc:subfield code="b">6/5/18</marc:subfield>
		<marc:subfield code="c">University of Pennslyvania</marc:subfield>
		<marc:subfield code="d">IC</marc:subfield>
	</marc:datafield>
</marc:record>