
<marc:record>
<marc:leader>01267cam a2200361 a 4500</marc:leader>
    <marc:controlfield tag="001">99753143503681</marc:controlfield>
    <marc:controlfield tag="005">20141119155251.0</marc:controlfield>
    <marc:controlfield tag="008">870226s1795    enk           00010 eng d</marc:controlfield>
    <marc:datafield tag="035" ind1=" " ind2=" ">
        <marc:subfield code="a">(OCoLC)ocm06754839</marc:subfield>
    </marc:datafield>
    <marc:datafield tag="035" ind1=" " ind2=" ">
        <marc:subfield code="a">(OCoLC)6754839</marc:subfield>
    </marc:datafield>
    <marc:datafield tag="035" ind1=" " ind2=" ">
        <marc:subfield code="a">(CStRLIN)PAUG87-B4952</marc:subfield>
    </marc:datafield>
    <marc:datafield tag="035" ind1=" " ind2=" ">
        <marc:subfield code="a">(CaOTULAS)185144921</marc:subfield>
    </marc:datafield>
    <marc:datafield tag="035" ind1=" " ind2=" ">
        <marc:subfield code="9">AAJ5469</marc:subfield>
    </marc:datafield>
    <marc:datafield tag="035" ind1=" " ind2=" ">
        <marc:subfield code="a">75314</marc:subfield>
    </marc:datafield>
    <marc:datafield tag="035" ind1=" " ind2=" ">
        <marc:subfield code="a">(PU)75314-penndb-Voyager</marc:subfield>
    </marc:datafield>
    <marc:datafield tag="035" ind1=" " ind2=" ">
        <marc:subfield code="a">(PennHoldings)93432</marc:subfield>
    </marc:datafield>
    <marc:datafield tag="040" ind1=" " ind2=" ">
        <marc:subfield code="a">PU</marc:subfield>
        <marc:subfield code="c">PU</marc:subfield>
    </marc:datafield>
    <marc:datafield tag="041" ind1="1" ind2=" ">
        <marc:subfield code="a">eng</marc:subfield>
        <marc:subfield code="h">ger</marc:subfield>
    </marc:datafield>
    <marc:datafield tag="090" ind1=" " ind2=" ">
        <marc:subfield code="a">PT2281.G614</marc:subfield>
        <marc:subfield code="b">D63 1795</marc:subfield>
        <marc:subfield code="i">02/26/87 CT</marc:subfield>
    </marc:datafield>
    <marc:datafield tag="100" ind1="1" ind2="0">
        <marc:subfield code="a">Grosse, Carl,</marc:subfield>
        <marc:subfield code="d">1768-1847.</marc:subfield>
    </marc:datafield>
    <marc:datafield tag="240" ind1="1" ind2="0">
        <marc:subfield code="a">Dolch.</marc:subfield>
        <marc:subfield code="l">English</marc:subfield>
    </marc:datafield>
    <marc:datafield tag="245" ind1="1" ind2="4">
        <marc:subfield code="a">The dagger /</marc:subfield>
        <marc:subfield code="c">translated from the German of Grosse.</marc:subfield>
    </marc:datafield>
    <marc:datafield tag="246" ind1=" " ind2=" ">
        <marc:subfield code="a">The dagger. Translated from the German of Grosse.</marc:subfield>
        <marc:subfield code="d">Letter-press</marc:subfield>
        <marc:subfield code="g">Full</marc:subfield>
        <marc:subfield code="x">Work</marc:subfield>
    </marc:datafield>
    <marc:datafield tag="246" ind1="0" ind2="7">
        <marc:subfield code="a">The Dagger.</marc:subfield>
    </marc:datafield>
    <marc:datafield tag="246" ind1="0" ind2="7">
        <marc:subfield code="a">The Dagger. (recto)</marc:subfield>
        <marc:subfield code="a">The Dagger. (verso)</marc:subfield>
    </marc:datafield>
    <marc:datafield tag="260" ind1="0" ind2=" ">
        <marc:subfield code="a">London</marc:subfield>
        <marc:subfield code="b">Printed for Vernor and Hood, Birchin-Lane.</marc:subfield>
        <marc:subfield code="c">1795</marc:subfield>
        <marc:subfield code="c">1795.</marc:subfield>
    </marc:datafield>
    <marc:datafield tag="300" ind1=" " ind2=" ">
        <marc:subfield code="a">[4], 183, [1] p. ;</marc:subfield>
        <marc:subfield code="c">18 cm. (12mo)</marc:subfield>
        <marc:subfield code="x">Duodecimo</marc:subfield>
    </marc:datafield>
    <marc:datafield tag="500" ind1=" " ind2=" ">
        <marc:subfield code="a">Translation of: Der Dolch.</marc:subfield>
    </marc:datafield>
    <marc:datafield tag="500" ind1=" " ind2=" ">
        <marc:subfield code="a">Author of original text credited as "Grosse," referring to Carl Grosse</marc:subfield>
    </marc:datafield>
    <marc:datafield tag="500" ind1=" " ind2=" ">
        <marc:subfield code="a">Advertisements: pg. 184</marc:subfield>
    </marc:datafield>
    <marc:datafield tag="500" ind1=" " ind2=" ">
        <marc:subfield code="a">Bookplate with crest of Marquess of Londonderry, motto (in Latin), on front pasted-down endpaper: "Metuenda corolla draconis", and name: "Alex R Stewart"</marc:subfield>
    </marc:datafield>
    <marc:datafield tag="500" ind1=" " ind2=" ">
        <marc:subfield code="a"> Bookplate with crest of Library of the University of Pennsylvania on front free endpaper; transcription: "The Godfrey F. Singer Memorial Presented by Mr. and Mrs. Jacob Singer"</marc:subfield>
    </marc:datafield>
    <marc:datafield tag="500" ind1=" " ind2=" ">
        <marc:subfield code="a">Transcription: "838 G889D.EV"; Medium: Ink; Located: Front endpaper (recto) on library bookplate</marc:subfield>
    </marc:datafield>
    <marc:datafield tag="500" ind1=" " ind2=" ">
        <marc:subfield code="a">Transcription: "P3"; Medium: Ink; Located: Front pastedown endpaper</marc:subfield>
    </marc:datafield>
    <marc:datafield tag="500" ind1=" " ind2=" ">
        <marc:subfield code="a">Transcription: "U. of Pa. Library"; Medium: Ink; Located: pg. 184</marc:subfield>
    </marc:datafield>
    <marc:datafield tag="500" ind1=" " ind2=" ">
        <marc:subfield code="a">Transcription: "Singer-Mendenhall PT 2281 G614 D63 1795"; Medium: Pencil; Located: Back endpaper (verso)</marc:subfield>
    </marc:datafield>
    <marc:datafield tag="500" ind1=" " ind2=" ">
        <marc:subfield code="a">Transcription: "S/M 838/G889D.EV 726202"; Medium: Pencil; Located: Back free endpaper</marc:subfield>
    </marc:datafield>
    <marc:datafield tag="500" ind1=" " ind2=" ">
        <marc:subfield code="a">Transcription of stamp on verso of full title page: "U. of Pa. Library"</marc:subfield>
    </marc:datafield>
    <marc:datafield tag="500" ind1=" " ind2=" ">
        <marc:subfield code="a">On the epigraph page after the full title page, in pencil: "838---G889II.EV" and "9Ap34 g.mr. + mrs Jacob Singer" and "725202"</marc:subfield>
    </marc:datafield>
    <marc:datafield tag="510" ind1="4" ind2=" ">
        <marc:subfield code="a">ESTC (RLIN)</marc:subfield>
        <marc:subfield code="c">N6889</marc:subfield>
    </marc:datafield>
    <marc:datafield tag="510" ind1="4" ind2=" ">
        <marc:subfield code="a">English novel, 1770-1829,</marc:subfield>
        <marc:subfield code="c">1795:23</marc:subfield>
    </marc:datafield>
    <marc:datafield tag="510" ind1="4" ind2=" ">
        <marc:subfield code="a">Block, A.  Engl. novel (1961 ed.),</marc:subfield>
        <marc:subfield code="c">p.92</marc:subfield>
    </marc:datafield>
    <marc:datafield tag="520" ind1=" " ind2=" ">
        <marc:subfield code="a">Footnotes</marc:subfield>
        <marc:subfield code="c">Middle</marc:subfield>
        <marc:subfield code="x">Located on pg. 93. Transcription: "Smollet's Count Fathom, I."</marc:subfield>
    </marc:datafield>
    <marc:datafield tag="591" ind1=" " ind2=" ">
        <marc:subfield code="a">La vie n'est pas un Roman. Nos principes, comme nos sentimens doivent entre pris dans la nature. Rien n'est plus facile que d'imaginer des pro diges, mais tous ces h'eros n'existent que dans la tete des auteurs: ils disent ce qu'ils veulent, nous faisons ce que nous pouvons.</marc:subfield>
        <marc:subfield code="2">Marmontel.</marc:subfield>
        <marc:subfield code="b">Le scruple, ou l'amour mcontent de lui-mme</marc:subfield>
        <marc:subfield code="c">Jean Franois Marmontel</marc:subfield> 
        <marc:subfield code="d">Life is not a romance. Our principles, like our sentiments, should have their foundation in nature. Nothing is easier than to fancy miracles in love, but all those heroes exist only in the heads of authors; they lay what they please, let us do what we can. </marc:subfield>
        <marc:subfield code="x">Title page</marc:subfield>
        <marc:subfield code="x">Translation source; French: ECCO </marc:subfield>
    </marc:datafield>
    <marc:datafield tag="591" ind1=" " ind2=" ">
        <marc:subfield code="a">Who is then to be accounted the first and chief? Is it not the man who has the power or the address to make the passions of others subservient to his own designs?</marc:subfield>
        <marc:subfield code="1">Werter.</marc:subfield>
        <marc:subfield code="b">The Sorrows of Young Werther</marc:subfield>
        <marc:subfield code="c">Johann Goethe</marc:subfield>
        <marc:subfield code="x">Located: Between title page and pg. 1 (recto)</marc:subfield>
    </marc:datafield>
    <marc:datafield tag="592" ind1=" " ind2=" ">
        <marc:subfield code="a">Third-person</marc:subfield>
    </marc:datafield>
        <marc:datafield tag="596" ind1=" " ind2=" ">
        <marc:subfield code="a">Translation</marc:subfield>
        <marc:subfield code="b">Title page</marc:subfield>
        <marc:subfield code="c">German</marc:subfield>
        <marc:subfield code="e">Translated from the German of Grosse.</marc:subfield>
    </marc:datafield>
    <marc:datafield tag="599" ind1=" " ind2=" ">
        <marc:subfield code="a">Author (text)</marc:subfield>
        <marc:subfield code="b">Proper name</marc:subfield>
        <marc:subfield code="2">Translated from the German of Grosse.</marc:subfield>
        <marc:subfield code="3">Title Page</marc:subfield>
        <marc:subfield code="5">Male</marc:subfield>
        <marc:subfield code="6">Male</marc:subfield>
    </marc:datafield> 
    <marc:datafield tag="650" ind1=" " ind2="4">
        <marc:subfield code="a">CHR 1795</marc:subfield>
    </marc:datafield>
    <marc:datafield tag="650" ind1=" " ind2="4">
        <marc:subfield code="a">PRO Stewert, Alexander R. (bookplate)</marc:subfield>
    </marc:datafield>
    <marc:datafield tag="655" ind1=" " ind2="7">
        <marc:subfield code="a">Booksellers' advertisements</marc:subfield>
        <marc:subfield code="z">England</marc:subfield>
        <marc:subfield code="y">18th century.</marc:subfield>
        <marc:subfield code="2">rbgenr</marc:subfield>
    </marc:datafield>
    <marc:datafield tag="656" ind1=" " ind2=" ">
        <marc:subfield code="a">Fiction</marc:subfield>
        <marc:subfield code="b">Back</marc:subfield>
        <marc:subfield code="c">Same publisher</marc:subfield>
        <marc:subfield code="x">Heading: "Books, printed for and fold by Vernor and Hood, No. 10, Brichin-Lane, Cornhill"</marc:subfield>
    </marc:datafield>
    <marc:datafield tag="700" ind1=" " ind2=" ">
        <marc:subfield code="a">Grosse, Carl</marc:subfield>
        <marc:subfield code="d">d. 1768-1847</marc:subfield>
        <marc:subfield code="4">Author (text)</marc:subfield>
        <marc:subfield code="5">Authorized</marc:subfield>
    </marc:datafield>
    <marc:datafield tag="700" ind1=" " ind2=" ">
        <marc:subfield code="a">Grosse</marc:subfield>
        <marc:subfield code="4">Author (text)</marc:subfield>
        <marc:subfield code="5">Unauthorized</marc:subfield>
    </marc:datafield>
    <marc:datafield tag="700" ind1=" " ind2=" ">
        <marc:subfield code="a">Hood, Thomas</marc:subfield>
        <marc:subfield code="d">d. 1811</marc:subfield>
        <marc:subfield code="4">Publisher (text)</marc:subfield>
        <marc:subfield code="5">Authorized</marc:subfield>
    </marc:datafield>
    <marc:datafield tag="700" ind1=" " ind2=" ">
        <marc:subfield code="a">Vernor</marc:subfield>
        <marc:subfield code="4">Publisher (text)</marc:subfield>
        <marc:subfield code="5">Unauthorized</marc:subfield>
    </marc:datafield>
    <marc:datafield tag="700" ind1=" " ind2=" ">
        <marc:subfield code="a">Marmontel, Jean-Franois</marc:subfield>
        <marc:subfield code="d">1723-1799</marc:subfield>
        <marc:subfield code="4">Author (epigraph)</marc:subfield>
        <marc:subfield code="5">Authorized</marc:subfield>
    </marc:datafield>
    <marc:datafield tag="700" ind1=" " ind2=" ">
        <marc:subfield code="a">Goethe, Johanna Wolfgang von</marc:subfield>
        <marc:subfield code="d">1749-1832</marc:subfield>
        <marc:subfield code="4">Author (epigraph)</marc:subfield>
        <marc:subfield code="5">Authorized</marc:subfield>
    </marc:datafield>
    <marc:datafield tag="710" ind1=" " ind2=" ">
        <marc:subfield code="a">Vernor and Hood</marc:subfield>
        <marc:subfield code="4">Printed for</marc:subfield>
        <marc:subfield code="5">Authorized</marc:subfield>
    </marc:datafield>
    <marc:datafield tag="710" ind1="2" ind2=" ">
        <marc:subfield code="a">Collection of British and American Fiction, 1660-1830 (University of Pennsylvania)</marc:subfield>
        <marc:subfield code="5">PU</marc:subfield>
    </marc:datafield>
    <marc:datafield tag="710" ind1="2" ind2=" ">
        <marc:subfield code="a">Early Novels</marc:subfield>
        <marc:subfield code="5">University of Pennsylvania</marc:subfield>
    </marc:datafield>
    <marc:datafield tag="950" ind1=" " ind2=" ">
        <marc:subfield code="l">RBC</marc:subfield>
        <marc:subfield code="e">\\Singer-\Menden-\hall\</marc:subfield>
        <marc:subfield code="i">02/26/87 C</marc:subfield>
    </marc:datafield>
    <marc:datafield tag="955" ind1=" " ind2=" ">
        <marc:subfield code="l">RBC</marc:subfield>
        <marc:subfield code="c">1</marc:subfield>
        <marc:subfield code="q">725202</marc:subfield>
        <marc:subfield code="s">Singer Mem.</marc:subfield>
        <marc:subfield code="i">02/26/87 C</marc:subfield>
    </marc:datafield>
    <marc:datafield tag="989" ind1=" " ind2=" ">
        <marc:subfield code="2">Dagger</marc:subfield>
        <marc:subfield code="2">German</marc:subfield>
        <marc:subfield code="5">Grosse</marc:subfield>
        <marc:subfield code="6">Translate</marc:subfield>
    </marc:datafield>
    <marc:datafield tag="999" ind1=" " ind2=" ">
        <marc:subfield code="a">OF</marc:subfield>
        <marc:subfield code="b">6/1/18</marc:subfield>
        <marc:subfield code="c">Carnegie Mellon University</marc:subfield>
        <marc:subfield code="d">IC</marc:subfield>
    </marc:datafield>
</marc:record>