
  <marc:record>
            <marc:leader>01718cam a2200421 a 4500</marc:leader>
            <marc:controlfield tag="001">99856843503681</marc:controlfield>
            <marc:controlfield tag="005">20141119163946.0</marc:controlfield>
            <marc:controlfield tag="008">861024s1795    enk           00000 eng d</marc:controlfield>
            <marc:datafield tag="035" ind1=" " ind2=" ">
                <marc:subfield code="a">(OCoLC)ocm17378778</marc:subfield>
            </marc:datafield>
            <marc:datafield tag="035" ind1=" " ind2=" ">
                <marc:subfield code="a">(OCoLC)17378778</marc:subfield>
            </marc:datafield>
            <marc:datafield tag="035" ind1=" " ind2=" ">
                <marc:subfield code="a">(CStRLIN)PAUG86-B45908</marc:subfield>
            </marc:datafield>
            <marc:datafield tag="035" ind1=" " ind2=" ">
                <marc:subfield code="a">(CaOTULAS)185137487</marc:subfield>
            </marc:datafield>
            <marc:datafield tag="035" ind1=" " ind2=" ">
                <marc:subfield code="9">AAK7198</marc:subfield>
            </marc:datafield>
            <marc:datafield tag="035" ind1=" " ind2=" ">
                <marc:subfield code="a">85684</marc:subfield>
            </marc:datafield>
            <marc:datafield tag="035" ind1=" " ind2=" ">
                <marc:subfield code="a">(PU)85684-penndb-Voyager</marc:subfield>
            </marc:datafield>
            <marc:datafield tag="035" ind1=" " ind2=" ">
                <marc:subfield code="a">(PennHoldings)106841</marc:subfield>
            </marc:datafield>
            <marc:datafield tag="040" ind1=" " ind2=" ">
                <marc:subfield code="a">PU</marc:subfield>
                <marc:subfield code="c">PU</marc:subfield>
            </marc:datafield>
            <marc:datafield tag="090" ind1=" " ind2=" ">
                <marc:subfield code="a">PR3991.A7</marc:subfield>
                <marc:subfield code="b">O33 1795</marc:subfield>
                <marc:subfield code="i">11/26/86 CT</marc:subfield>
            </marc:datafield>
            <marc:datafield tag="100" ind1="0" ind2=" ">
                <marc:subfield code="a">Author of The offspring of Russell.</marc:subfield>
            </marc:datafield>
            <marc:datafield tag="245" ind1="0" ind2="4">
                <marc:subfield code="a">The fate of Sedley:</marc:subfield>
                <marc:subfield code="b">a novel,</marc:subfield>
                <marc:subfield code="c">by the Author of The offspring of Russell: in two volumes.</marc:subfield>
            </marc:datafield>
            <marc:datafield tag="246" ind1=" " ind2=" ">
                <marc:subfield code="a">The Fate of Sedley.</marc:subfield>
                <marc:subfield code="d">Letter-press</marc:subfield>
                <marc:subfield code="g">Half</marc:subfield>
                <marc:subfield code="x">Volume</marc:subfield>
                <marc:subfield code="v">v.1</marc:subfield>
            </marc:datafield>
            <marc:datafield tag="246" ind1=" " ind2=" ">
                <marc:subfield code="a">The fate of Sedley: a novel, by the author of The offspring of Russell. In two volumes. Vol. I.</marc:subfield>
                <marc:subfield code="d">Letter-press</marc:subfield>
                <marc:subfield code="g">Full</marc:subfield>
                <marc:subfield code="x">Volume</marc:subfield>
                <marc:subfield code="v">v.1</marc:subfield>
            </marc:datafield>
            <marc:datafield tag="246" ind1=" " ind2=" ">
                <marc:subfield code="a">The fate of Sedley.</marc:subfield>
                <marc:subfield code="d">Letter-press</marc:subfield>
                <marc:subfield code="x">Volume</marc:subfield>
                <marc:subfield code="v">v.2</marc:subfield>
            </marc:datafield>
            <marc:datafield tag="246" ind1=" " ind2=" ">
                <marc:subfield code="a">The Fate of Sedley: a novel, by the author of the offspring of Russell. In two volumes. Vol. II.</marc:subfield>
                <marc:subfield code="d">Letter-press</marc:subfield>
                <marc:subfield code="g">Full</marc:subfield>
                <marc:subfield code="x">Volume</marc:subfield>
                <marc:subfield code="v">v.2</marc:subfield>
            </marc:datafield>
            <marc:datafield tag="246" ind1="0" ind2="7">
                <marc:subfield code="a">The Fate of Sedley.</marc:subfield>
                <marc:subfield code="v">v.1</marc:subfield>
                <marc:subfield code="v">v.2</marc:subfield>
            </marc:datafield>
            <marc:datafield tag="246" ind1="0" ind2="7">
                <marc:subfield code="a">The Fate of Sedley. (verso)</marc:subfield>
                <marc:subfield code="a">The Fate of Sedley. (recto)</marc:subfield>
                <marc:subfield code="v">v.1</marc:subfield>
                <marc:subfield code="v">v.2</marc:subfield>
            </marc:datafield>
            <marc:datafield tag="260" ind1=" " ind2=" ">
                <marc:subfield code="a">London</marc:subfield>
                <marc:subfield code="b">Printed for William Lane, Minerva-Press, Leadenhall-Street.</marc:subfield>
                <marc:subfield code="c">M DCC XCV</marc:subfield>
                <marc:subfield code="c">1795</marc:subfield>
                <marc:subfield code="v">v.1</marc:subfield>
                <marc:subfield code="v">v.2</marc:subfield>
            </marc:datafield>
            <marc:datafield tag="300" ind1=" " ind2=" ">
                <marc:subfield code="a">2 v. ;</marc:subfield>
                <marc:subfield code="c">18 cm. (12mo)</marc:subfield>
                <marc:subfield code="x">Duodecimo</marc:subfield>
                <marc:subfield code="z">In two volumes</marc:subfield>
            </marc:datafield>
            <marc:datafield tag="500" ind1=" " ind2=" ">
                <marc:subfield code="a">Sometimes attributed to Henry Summersett.  Cf. Block, A. Engl. novel; Blakey, D. Minerva Press, p. 170.</marc:subfield>
            </marc:datafield>
            <marc:datafield tag="500" ind1=" " ind2=" ">
                <marc:subfield code="a">Vol. 1: [4], 193, [1] p.; v. 2: [2], 226, [2] p.</marc:subfield>
            </marc:datafield>
            <marc:datafield tag="500" ind1=" " ind2=" ">
                <marc:subfield code="a">Advertisements: last p. of v. 1 and p. [1]-[2] at end of v. 2.</marc:subfield>
            </marc:datafield>
            <marc:datafield tag="510" ind1="4" ind2=" ">
                <marc:subfield code="a">ESTC (RLIN)</marc:subfield>
                <marc:subfield code="c">N8056</marc:subfield>
            </marc:datafield> 
            <marc:datafield tag="510" ind1="4" ind2=" ">
                <marc:subfield code="a">English novel, 1770-1829,</marc:subfield>
                <marc:subfield code="c">1795:42</marc:subfield>
            </marc:datafield>
            <marc:datafield tag="510" ind1="4" ind2=" ">
                <marc:subfield code="a">Block, A.  Engl. novel (1961 ed.),</marc:subfield>
                <marc:subfield code="c">p.230</marc:subfield>
            </marc:datafield>
            <marc:datafield tag="520" ind1=" " ind2=" ">
                <marc:subfield code="a">Poem</marc:subfield>
                <marc:subfield code="b">Ode, to Happiness</marc:subfield>
                <marc:subfield code="c">Middle</marc:subfield>
                <marc:subfield code="v">v.1</marc:subfield>
                <marc:subfield code="x">Located on p. 45. Transcription of first stanza: "Oh, Happiness! where are they haunts secure, ---Where is the cave in which thou lov'st to swell; ---Cannot my ardent invocations lure, ---And ure thee to disclose thy hidden cell? ---Tell me, thou smile deck'd maid, where I may find ---Thy blest retreat, to sooth my anguish'd mind!"</marc:subfield>        
            </marc:datafield>
            <marc:datafield tag="520" ind1=" " ind2=" ">
                <marc:subfield code="a">Footnotes</marc:subfield>
                <marc:subfield code="c">Middle</marc:subfield>
                <marc:subfield code="v">v. 1</marc:subfield>
                <marc:subfield code="x">Footnote offset by asterisk, located on p. 45. Transcription: "Those Piece of Poetry which are distinguished by an asterisk, have been given to the public in a provincial paper."</marc:subfield>        
            </marc:datafield>
            <marc:datafield tag="520" ind1=" " ind2=" ">
                <marc:subfield code="a">Poem</marc:subfield>
                <marc:subfield code="b">Ode, to Hope.</marc:subfield>
                <marc:subfield code="c">Middle</marc:subfield>
                <marc:subfield code="v">v.1</marc:subfield>
                <marc:subfield code="x">Located on p. 119. Transcription of first line: "Oh, thous, whose magic hand mak'st small the wound,"</marc:subfield>        
            </marc:datafield>
            <marc:datafield tag="520" ind1=" " ind2=" ">
                <marc:subfield code="a">Poem</marc:subfield>
                <marc:subfield code="b">Ode, to Meditation,</marc:subfield>
                <marc:subfield code="c">Middle</marc:subfield>
                <marc:subfield code="v">v.1</marc:subfield>
                <marc:subfield code="x">Located on p. 177. Transcription of first line: "Soon as the fun-beams kiss the wave,"</marc:subfield>
            </marc:datafield>
            <marc:datafield tag="520" ind1=" " ind2=" ">
                <marc:subfield code="a">Poem</marc:subfield>
                <marc:subfield code="b">Ode, to the Moon.</marc:subfield>
                <marc:subfield code="c">Middle</marc:subfield>
                <marc:subfield code="v">v.2</marc:subfield>
                <marc:subfield code="x">Located on p. 51. Transcription of first line: "Sweet silv'ry queen of heav'n,"</marc:subfield>    
            </marc:datafield>
            <marc:datafield tag="520" ind1=" " ind2=" ">
                <marc:subfield code="a">Poem</marc:subfield>
                <marc:subfield code="b">Elegaic Stanzas.</marc:subfield>
                <marc:subfield code="c">Middle</marc:subfield>
                <marc:subfield code="v">v.2</marc:subfield>
                <marc:subfield code="x">Transcription of first line of paratext, on p. 195: "My Anna's dead! e'en now her airy spirit"</marc:subfield>
            </marc:datafield>
            <marc:datafield tag="590" ind1=" " ind2=" ">
                <marc:subfield code="a">Bound in 1 volume.</marc:subfield>
            </marc:datafield>
            <marc:datafield tag="592" ind1=" " ind2=" ">
                <marc:subfield code="a">Epistolary</marc:subfield>
                <marc:subfield code="b">First-person</marc:subfield>
            </marc:datafield>
            <marc:datafield tag="599" ind1=" " ind2=" ">
                <marc:subfield code="a">Author (text)</marc:subfield>
                <marc:subfield code="b">Reference to other works</marc:subfield>
                <marc:subfield code="2">By the author of The Offspring of Russell</marc:subfield>
                <marc:subfield code="3">Title Page</marc:subfield>
                <marc:subfield code="5">Indeterminate</marc:subfield>
                <marc:subfield code="v">v.1</marc:subfield>
                <marc:subfield code="v">v.2</marc:subfield>
            </marc:datafield> 
            <marc:datafield tag="650" ind1=" " ind2="4">
                <marc:subfield code="a">CHR 1795</marc:subfield>
            </marc:datafield>
            <marc:datafield tag="650" ind1=" " ind2="4">
                <marc:subfield code="a">PRO Singer, Jacob (donor)</marc:subfield>
            </marc:datafield>
            <marc:datafield tag="650" ind1=" " ind2="4">
                <marc:subfield code="a">PRO Singer, Leah (donor)</marc:subfield>
            </marc:datafield>
            <marc:datafield tag="650" ind1=" " ind2="4">
                <marc:subfield code="a">PRO Singer, Godfrey F. (honoree)</marc:subfield>
            </marc:datafield>
            <marc:datafield tag="655" ind1=" " ind2="7">
                <marc:subfield code="a">Epistolary fiction</marc:subfield>
                <marc:subfield code="z">England</marc:subfield>
                <marc:subfield code="y">18th century.</marc:subfield>
                <marc:subfield code="2">rbgenr</marc:subfield>
            </marc:datafield>
            <marc:datafield tag="655" ind1=" " ind2="7">
                <marc:subfield code="a">Publishers' advertisements</marc:subfield>
                <marc:subfield code="z">England</marc:subfield>
                <marc:subfield code="y">18th century.</marc:subfield>
                <marc:subfield code="2">rbgenr</marc:subfield>
            </marc:datafield>
            <marc:datafield tag="656" ind1=" " ind2=" ">
                <marc:subfield code="a">Fiction</marc:subfield>
                <marc:subfield code="b">Back</marc:subfield>
                <marc:subfield code="v">v.1</marc:subfield>
                <marc:subfield code="x">Heading: "In the press, and speedily will be published,". Books listed: "Plain sense, in three volumes", "Hermsprong, by the author of Man as he is, in three volumes," and "Mysterious warning, by Mrs. Parsons. In four volumes."</marc:subfield>
            </marc:datafield>
            <marc:datafield tag="656" ind1=" " ind2=" ">
                <marc:subfield code="a">Fiction</marc:subfield>
                <marc:subfield code="b">Back</marc:subfield>
                <marc:subfield code="c">Same publisher</marc:subfield>
                <marc:subfield code="v">v.2</marc:subfield>
                <marc:subfield code="x">Heading: "Just published. Printed at the Minerva press." Book listed: "The Duke of Clarence, an historical novel, (Founded on a particular event in the history of England) by E.M.F. In 4 volumes." Includes a review of the book--Heading: "Opinion of the Review." Begins: "This novel exhibits a good picture of ancient times and manners, and in not a few instances abounds with pathetic and interesting events;" Signed: "English Review, March, 1795"</marc:subfield>
            </marc:datafield>
            <marc:datafield tag="700" ind1=" " ind2=" ">
                <marc:subfield code="a">Lane, William</marc:subfield>
                <marc:subfield code="d">1746-1819</marc:subfield>
                <marc:subfield code="4">Printed for</marc:subfield>
                <marc:subfield code="5">Authorized</marc:subfield>
            </marc:datafield>
            <marc:datafield tag="700" ind1="1" ind2=" ">
                <marc:subfield code="a">Summersett, Henry</marc:subfield>
                <marc:subfield code="d">1774-1818</marc:subfield>
                <marc:subfield code="4">Supposed author (text)</marc:subfield>
                <marc:subfield code="5">Authorized</marc:subfield>
            </marc:datafield>
            <marc:datafield tag="710" ind1=" " ind2=" ">
                <marc:subfield code="a">Minerva Press</marc:subfield>
                <marc:subfield code="4">Printed for</marc:subfield>
                    <marc:subfield code="5">Authorized</marc:subfield>
            </marc:datafield>
            <marc:datafield tag="710" ind1="2" ind2=" ">
                <marc:subfield code="a">Collection of British and American Fiction, 1660-1830 (University of Pennsylvania)</marc:subfield>
                <marc:subfield code="5">PU</marc:subfield>
            </marc:datafield>
            <marc:datafield tag="710" ind1="2" ind2=" ">
                <marc:subfield code="a">Early Novels</marc:subfield>
                <marc:subfield code="5">University of Pennsylvania</marc:subfield>
            </marc:datafield>
            <marc:datafield tag="752" ind1=" " ind2=" ">
                <marc:subfield code="a">England</marc:subfield>
                <marc:subfield code="d">London</marc:subfield>
            </marc:datafield>
            <marc:datafield tag="950" ind1=" " ind2=" ">
                <marc:subfield code="l">RBC</marc:subfield>
                <marc:subfield code="e">\\Singer-\Menden-\hall\</marc:subfield>
                <marc:subfield code="v">2 v.</marc:subfield>
                <marc:subfield code="i">11/26/86 C</marc:subfield>
            </marc:datafield>
            <marc:datafield tag="955" ind1=" " ind2=" ">
                <marc:subfield code="l">RBC</marc:subfield>
                <marc:subfield code="c">1</marc:subfield>
                <marc:subfield code="q">726560</marc:subfield>
                <marc:subfield code="q">g. Mr. and Mrs. Jacob Singer</marc:subfield>
                <marc:subfield code="s">in 1</marc:subfield>
                <marc:subfield code="i">11/26/86 C</marc:subfield>
            </marc:datafield>
            <marc:datafield tag="989" ind1=" " ind2=" ">
                <marc:subfield code="1">The offspring of Russell</marc:subfield>
                <marc:subfield code="2">Fate</marc:subfield>
                <marc:subfield code="2">Offsrping</marc:subfield>
                <marc:subfield code="2">Author</marc:subfield>
                <marc:subfield code="3">two</marc:subfield>
                <marc:subfield code="5">Sedley</marc:subfield>
            </marc:datafield>
            <marc:datafield tag="999" ind1=" " ind2=" ">
                <marc:subfield code="a">IC</marc:subfield>
                <marc:subfield code="b">6/4/18</marc:subfield>
                <marc:subfield code="c">University of Pennslyvania</marc:subfield>
                <marc:subfield code="d">AS</marc:subfield>
            </marc:datafield>
        </marc:record>