<marc:record>
	<marc:leader>01585cam a2200433   4500</marc:leader>
	<marc:controlfield tag="001">99870373503681</marc:controlfield>
	<marc:controlfield tag="005">20141119164528.0</marc:controlfield>
	<marc:controlfield tag="008">861118s1795    mdu           00001 eng  </marc:controlfield>
	<marc:datafield tag="010" ind1=" " ind2=" ">
		<marc:subfield code="a">   05041061 </marc:subfield>
	</marc:datafield>
	<marc:datafield tag="035" ind1=" " ind2=" ">
		<marc:subfield code="a">(OCoLC)ocn166609964</marc:subfield>
	</marc:datafield>
	<marc:datafield tag="035" ind1=" " ind2=" ">
		<marc:subfield code="a">(OCoLC)166609964</marc:subfield>
	</marc:datafield>
	<marc:datafield tag="035" ind1=" " ind2=" ">
		<marc:subfield code="a">(CStRLIN)PAUG86-B48631</marc:subfield>
	</marc:datafield>
	<marc:datafield tag="035" ind1=" " ind2=" ">
		<marc:subfield code="a">(CaOTULAS)185146085</marc:subfield>
	</marc:datafield>
	<marc:datafield tag="035" ind1=" " ind2=" ">
		<marc:subfield code="9">AAK8603</marc:subfield>
	</marc:datafield>
	<marc:datafield tag="035" ind1=" " ind2=" ">
		<marc:subfield code="a">87037</marc:subfield>
	</marc:datafield>
	<marc:datafield tag="035" ind1=" " ind2=" ">
		<marc:subfield code="a">(PU)87037-penndb-Voyager</marc:subfield>
	</marc:datafield>
	<marc:datafield tag="035" ind1=" " ind2=" ">
		<marc:subfield code="a">(PennHoldings)108348</marc:subfield>
	</marc:datafield>
	<marc:datafield tag="040" ind1=" " ind2=" ">
		<marc:subfield code="c">PU</marc:subfield>
		<marc:subfield code="d">PU</marc:subfield>
	</marc:datafield>
	<marc:datafield tag="050" ind1="0" ind2=" ">
		<marc:subfield code="a">PS700.A1</marc:subfield>
		<marc:subfield code="b">C65</marc:subfield>
	</marc:datafield>
	<marc:datafield tag="082" ind1=" " ind2=" ">
		<marc:subfield code="a">813.2</marc:subfield>
	</marc:datafield>
	<marc:datafield tag="090" ind1=" " ind2=" ">
		<marc:subfield code="a">PR3991.A7</marc:subfield>
		<marc:subfield code="b">C3 1795b</marc:subfield>
		<marc:subfield code="i">11/18/86 CT</marc:subfield>
	</marc:datafield>
	<marc:datafield tag="100" ind1="0" ind2=" ">
		<marc:subfield code="a">Author of The carpenter's daughter.</marc:subfield>
	</marc:datafield>
	<marc:datafield tag="245" ind1="0" ind2="0">
		<marc:subfield code="a">Count Roderic's castle:</marc:subfield>
		<marc:subfield code="b">or, Gothic times, a tale ...</marc:subfield>
	</marc:datafield>
	<marc:datafield tag="246" ind1=" " ind2=" ">
        <marc:subfield code="a">Count Roderic's Castle: or, gothic times, a tale. In two volumes. Vol. I.</marc:subfield>
        <marc:subfield code="d">Letter-press</marc:subfield>
        <marc:subfield code="g">Full</marc:subfield>
        <marc:subfield code="x">Volume</marc:subfield>
        <marc:subfield code="v">v.1</marc:subfield>
    </marc:datafield>
    <marc:datafield tag="246" ind1=" " ind2=" ">
        <marc:subfield code="a">Count Roderic's Castle: or, gothic times, a tale. In two volumes. Vol. II.</marc:subfield>
        <marc:subfield code="d">Letter-press</marc:subfield>
        <marc:subfield code="g">Full</marc:subfield>
        <marc:subfield code="x">Volume</marc:subfield>
        <marc:subfield code="v">v.2</marc:subfield>
    </marc:datafield>
    <marc:datafield tag="246" ind1="0" ind2="7">
        <marc:subfield code="a">Count Roderic's Castle.</marc:subfield>
        <marc:subfield code="v">v.1</marc:subfield>
        <marc:subfield code="v">v.2</marc:subfield>
    </marc:datafield>
    <marc:datafield tag="246" ind1="0" ind2="7">
        <marc:subfield code="a">Count Roderic's Castle. (verso)</marc:subfield>
        <marc:subfield code="a">Count Roderic's Castle. (recto)</marc:subfield>
        <marc:subfield code="v">v.1</marc:subfield>
        <marc:subfield code="v">v.2</marc:subfield>
    </marc:datafield>
	<marc:datafield tag="260" ind1=" " ind2=" ">
		<marc:subfield code="a">Baltimore</marc:subfield>
		<marc:subfield code="b">Printed by Samuel Sower. For Keating's book-store.</marc:subfield>
		<marc:subfield code="c">1795</marc:subfield>
		<marc:subfield code="c">MDCCXCV.</marc:subfield>
	</marc:datafield>
	<marc:datafield tag="300" ind1=" " ind2=" ">
		<marc:subfield code="a">2 v. ;</marc:subfield>
		<marc:subfield code="c">17 cm. (12mo)</marc:subfield>
		<marc:subfield code="x">Duodecimo</marc:subfield>
        <marc:subfield code="z">In two volumes.</marc:subfield>
	</marc:datafield>
	<marc:datafield tag="500" ind1=" " ind2=" ">
		<marc:subfield code="a">First edition: London, Lane, 1794; cf. Blakey, D. Minerva Press.</marc:subfield>
	</marc:datafield>
	<marc:datafield tag="500" ind1=" " ind2=" ">
		<marc:subfield code="a">Bookseller's advertisements: p. [1] at end of vol. 2.</marc:subfield>
	</marc:datafield>
	<marc:datafield tag="500" ind1=" " ind2=" ">
        <marc:subfield code="a">On front paste-down endpaper, bookplate of Library of the University of Pennslyvania; transcription of bottom of bookplate, in ink: "The Godfrey F. Singer Memorial Presented by Mr. and Mrs. Jacob Singer" </marc:subfield>
	</marc:datafield>
	<marc:datafield tag="500" ind1=" " ind2=" ">
        <marc:subfield code="a">Printer's ornament on p.101 of v.2.</marc:subfield>
	</marc:datafield>
	<marc:datafield tag="510" ind1="4" ind2=" ">
		<marc:subfield code="a">ESTC (RLIN)</marc:subfield>
		<marc:subfield code="c">W37627</marc:subfield>
	</marc:datafield>
	<marc:datafield tag="510" ind1="4" ind2=" ">
		<marc:subfield code="a">Evans</marc:subfield>
		<marc:subfield code="c">28486</marc:subfield>
	</marc:datafield>
	<marc:datafield tag="510" ind1="4" ind2=" ">
		<marc:subfield code="a">Blakey, D. Minerva Press</marc:subfield>
		<marc:subfield code="c">p. 164</marc:subfield>
	</marc:datafield>
	<marc:datafield tag="590" ind1=" " ind2=" ">
		<marc:subfield code="a">Bound in 1 vol.</marc:subfield>
	</marc:datafield>
	<marc:datafield tag="591" ind1=" " ind2=" ">
        <marc:subfield code="a">In the winter's tedious nights, sit by the fire,--- With good o'd Folks, and let them tell thee tales--- Of woeful ages long ago betide.</marc:subfield>
        <marc:subfield code="1">Rich. II.</marc:subfield>
        <marc:subfield code="2">Shack.</marc:subfield>
        <marc:subfield code="b">Richard II</marc:subfield>     
        <marc:subfield code="c">Shakespeare</marc:subfield>            
        <marc:subfield code="v">v.1</marc:subfield>
        <marc:subfield code="v">v.2</marc:subfield>
    </marc:datafield>
    <marc:datafield tag="592" ind1=" " ind2=" ">
        <marc:subfield code="a">Third-person</marc:subfield>
    </marc:datafield>
    <marc:datafield tag="595" ind1=" " ind2=" ">
        <marc:subfield code="a">Pencil</marc:subfield>
        <marc:subfield code="b">Words</marc:subfield>
        <marc:subfield code="v">v.2</marc:subfield>
        <marc:subfield code="x">Indecipherable except the word 'to', on back free endpaper.</marc:subfield>
    </marc:datafield>
	<marc:datafield tag="655" ind1=" " ind2="7">
		<marc:subfield code="a">Booksellers advertisements</marc:subfield>
		<marc:subfield code="z">Maryland</marc:subfield>
		<marc:subfield code="y">18th century.</marc:subfield>
		<marc:subfield code="2">rbgenr</marc:subfield>
	</marc:datafield>
	<marc:datafield tag="656" ind1=" " ind2=" ">
        <marc:subfield code="a">Non-fiction</marc:subfield>
        <marc:subfield code="b">Back</marc:subfield>
        <marc:subfield code="c">Same publisher</marc:subfield>
        <marc:subfield code="v">v.2</marc:subfield>
    </marc:datafield>
	<marc:datafield tag="650" ind1=" " ind2="4">
		<marc:subfield code="a">CHR 1795</marc:subfield>
	</marc:datafield>
	<marc:datafield tag="650" ind1=" " ind2="4">
		<marc:subfield code="a">PRO Singer, Jacob (donor)</marc:subfield>
	</marc:datafield>
	<marc:datafield tag="650" ind1=" " ind2="4">
		<marc:subfield code="a">PRO Singer, Leah (donor)</marc:subfield>
	</marc:datafield>
	<marc:datafield tag="650" ind1=" " ind2="4">
		<marc:subfield code="a">PRO Singer, Godfrey F. (honoree)</marc:subfield>
	</marc:datafield>
	<marc:datafield tag="700" ind1=" " ind2=" ">
        <marc:subfield code="a">Sower, Samuel </marc:subfield>
        <marc:subfield code="d">1767-1820</marc:subfield>
        <marc:subfield code="4">Printed by</marc:subfield>
        <marc:subfield code="5">Authorized</marc:subfield>
    </marc:datafield>
    <marc:datafield tag="700" ind1=" " ind2=" ">
        <marc:subfield code="a">Shakespeare, William</marc:subfield>
        <marc:subfield code="d">1564-1616</marc:subfield>
        <marc:subfield code="4">Author (epigraph)</marc:subfield>
        <marc:subfield code="5">Authorized</marc:subfield>
    </marc:datafield>
	<marc:datafield tag="710" ind1="2" ind2=" ">
		<marc:subfield code="a">Collection of British and American Fiction, 1660-1830 (University of Pennsylvania)</marc:subfield>
		<marc:subfield code="5">PU</marc:subfield>
	</marc:datafield>
	<marc:datafield tag="710" ind1=" " ind2=" ">
        <marc:subfield code="a">Keating's book-store</marc:subfield>
        <marc:subfield code="4">Printed for</marc:subfield>
        <marc:subfield code="5">Unauthorized</marc:subfield>
    </marc:datafield>
	<marc:datafield tag="710" ind1="2" ind2=" ">
        <marc:subfield code="a">Early Novels</marc:subfield>
        <marc:subfield code="5">University of Pennsylvania</marc:subfield>
    </marc:datafield>
	<marc:datafield tag="740" ind1="0" ind2="2">
		<marc:subfield code="a">Gothic times.</marc:subfield>
	</marc:datafield>
	<marc:datafield tag="752" ind1=" " ind2=" ">
		<marc:subfield code="a">United States</marc:subfield>
		<marc:subfield code="b">Maryland</marc:subfield>
		<marc:subfield code="d">Baltimore.</marc:subfield>
	</marc:datafield>
	<marc:datafield tag="950" ind1=" " ind2=" ">
		<marc:subfield code="l">RBC</marc:subfield>
		<marc:subfield code="e">\\Singer-\Menden-\hall\</marc:subfield>
		<marc:subfield code="i">11/18/86 C</marc:subfield>
	</marc:datafield>
	<marc:datafield tag="955" ind1=" " ind2=" ">
		<marc:subfield code="l">RBC</marc:subfield>
		<marc:subfield code="c">1:(v.1-2)</marc:subfield>
		<marc:subfield code="q">726202</marc:subfield>
		<marc:subfield code="q">g. Mr. and Mrs. Jacob Singer</marc:subfield>
		<marc:subfield code="s">Bound in 1 vol.</marc:subfield>
		<marc:subfield code="i">11/18/86 C</marc:subfield>
	</marc:datafield>
	<marc:datafield tag="989" ind1=" " ind2=" ">
        <marc:subfield code="2">Castle</marc:subfield>
        <marc:subfield code="2">Time</marc:subfield>
        <marc:subfield code="2">Tale</marc:subfield>
        <marc:subfield code="2">Count</marc:subfield>
        <marc:subfield code="2">Volume</marc:subfield>
        <marc:subfield code="3">Gothic</marc:subfield>
        <marc:subfield code="3">two</marc:subfield>
    </marc:datafield>
    <marc:datafield tag="999" ind1=" " ind2=" ">
		<marc:subfield code="a">IC</marc:subfield>
		<marc:subfield code="b">6/5/18</marc:subfield>
		<marc:subfield code="c">University of Pennsylvania</marc:subfield>
		<marc:subfield code="d">AS</marc:subfield>
	</marc:datafield>
</marc:record>