
 <marc:record>
    <marc:leader>01403cam a2200409   4500</marc:leader>
    <marc:controlfield tag="005">20141119164831.0</marc:controlfield>
    <marc:controlfield tag="008">861120s1795    enka          00011 eng  </marc:controlfield>
    <marc:controlfield tag="001">99873333503681</marc:controlfield>
    <marc:datafield ind1=" " ind2=" " tag="010">
        <marc:subfield code="a">   37010724 </marc:subfield>
    </marc:datafield>
    <marc:datafield ind1=" " ind2=" " tag="035">
        <marc:subfield code="a">(OCoLC)ocm22238766</marc:subfield>
    </marc:datafield>
    <marc:datafield ind1=" " ind2=" " tag="035">
        <marc:subfield code="a">(OCoLC)22238766</marc:subfield>
    </marc:datafield>
    <marc:datafield ind1=" " ind2=" " tag="035">
        <marc:subfield code="a">(CStRLIN)PAUG86-B49012</marc:subfield>
    </marc:datafield>
    <marc:datafield ind1=" " ind2=" " tag="035">
        <marc:subfield code="a">(CaOTULAS)185124851</marc:subfield>
    </marc:datafield>
    <marc:datafield ind1=" " ind2=" " tag="035">
        <marc:subfield code="9">AAK8909</marc:subfield>
    </marc:datafield>
    <marc:datafield ind1=" " ind2=" " tag="035">
        <marc:subfield code="a">87333</marc:subfield>
    </marc:datafield>
    <marc:datafield ind1=" " ind2=" " tag="035">
        <marc:subfield code="a">(PU)87333-penndb-Voyager</marc:subfield>
    </marc:datafield>
    <marc:datafield ind1=" " ind2=" " tag="035">
        <marc:subfield code="a">(PennHoldings)108664</marc:subfield>
    </marc:datafield>
    <marc:datafield ind1=" " ind2=" " tag="040">
        <marc:subfield code="c">PU</marc:subfield>
        <marc:subfield code="d">PU</marc:subfield>
    </marc:datafield>
    <marc:datafield ind1="0" ind2=" " tag="050">
        <marc:subfield code="a">PR3539.K2</marc:subfield>
        <marc:subfield code="b">M4 1795</marc:subfield>
    </marc:datafield>
    <marc:datafield ind1=" " ind2=" " tag="082">
        <marc:subfield code="a">823.69</marc:subfield>
    </marc:datafield>
    <marc:datafield ind1=" " ind2=" " tag="090">
        <marc:subfield code="a">PR3539.K2</marc:subfield>
        <marc:subfield code="b">M4 1795</marc:subfield>
        <marc:subfield code="i">11/20/86 CT</marc:subfield>
    </marc:datafield>
    <marc:datafield ind1="1" ind2=" " tag="100">
        <marc:subfield code="a">Kelly, Hugh,</marc:subfield>
        <marc:subfield code="d">1739-1777.</marc:subfield>
    </marc:datafield>
    <marc:datafield ind1="1" ind2="0" tag="245">
        <marc:subfield code="a">Memoirs of a magdalen,</marc:subfield>
        <marc:subfield code="b">or, The history of Louisa Mildmay.</marc:subfield>
        <marc:subfield code="c">By Hugh Kelly, esq. ...</marc:subfield>
    </marc:datafield>
    <marc:datafield ind1=" " ind2=" " tag="246">
        <marc:subfield code="a">Memoirs of a magdalen, or the history of Louisa Mildmay. By Hugh Kelly, esq. Two volumes in one. Cooke's edition. Embellished with superb engravings.</marc:subfield>
		<marc:subfield code="d">Letter-press</marc:subfield>
		<marc:subfield code="g">Full</marc:subfield>
		<marc:subfield code="x">Volume</marc:subfield>
		<marc:subfield code="v">v.1</marc:subfield>
    </marc:datafield>
    <marc:datafield ind1=" " ind2=" " tag="246">
        <marc:subfield code="a">Memoirs of a magdalen, or the history of Louisa Mildmay. By Hugh Kelly, esq. Two volumes in one. Vol. II.</marc:subfield>
		<marc:subfield code="d">Letter-press</marc:subfield>
		<marc:subfield code="g">Full</marc:subfield>
		<marc:subfield code="x">Volume</marc:subfield>
		<marc:subfield code="v">v.2</marc:subfield>
    </marc:datafield>
    <marc:datafield ind1="0" ind2="7" tag="246">
	    <marc:subfield code="a">Louisa Mildmay.</marc:subfield>
		<marc:subfield code="v">v.1</marc:subfield>
		<marc:subfield code="v">v.2</marc:subfield>
	</marc:datafield>
    <marc:datafield ind1="0" ind2="7" tag="246">
	    <marc:subfield code="a">Louisa Mildmay. (verso)</marc:subfield>
		<marc:subfield code="a">Louisa Mildmay. (recto)</marc:subfield>
		<marc:subfield code="v">v.1</marc:subfield>
		<marc:subfield code="v">v.2</marc:subfield>
	</marc:datafield>
    <marc:datafield ind1=" " ind2=" " tag="250">
        <marc:subfield code="a">Cooke's edition.</marc:subfield>
    </marc:datafield>
    <marc:datafield ind1=" " ind2=" " tag="260">
        <marc:subfield code="a">London</marc:subfield>
        <marc:subfield code="b">Printed for C. Cooke, no. 17, Paternoster-Row, and sold by all the booksellers in Great Britain and Ireland.</marc:subfield>
        <marc:subfield code="c">1795</marc:subfield>
		<marc:subfield code="x">Publication date not printed on title page; date above in Franklin marc:record and under illustrations in the book</marc:subfield>
    </marc:datafield>
    <marc:datafield ind1=" " ind2=" " tag="300">
        <marc:subfield code="a">2 v.</marc:subfield>
        <marc:subfield code="b">Ill.</marc:subfield>
        <marc:subfield code="c">15 cm. (12mo)</marc:subfield>
		<marc:subfield code="x">Duodecimo</marc:subfield>
		<marc:subfield code="z">Two volumes in one.</marc:subfield>
    </marc:datafield>
    <marc:datafield ind1="0" ind2=" " tag="490">
        <marc:subfield code="a">Cooke's pocket edition of select novels</marc:subfield>
    </marc:datafield>
	<marc:datafield ind1=" " ind2=" " tag="500">
	    <marc:subfield code="a">Illustration; Location: pgs. 36-37, v.1; Captioned: "Louisa Mildmay.Vol.I.Lett.7.p.37. Louisa Mildmay, discovering to her mother, the cause of her afflication."</marc:subfield>
	</marc:datafield>
	<marc:datafield ind1=" " ind2=" " tag="500">
	    <marc:subfield code="a">Illustration; Location: pgs. 46-47, v.2; Captioned: "Louisa Mildmay.V.II.Lett.6.p.47. Louisa reproaching Hastings, for his abrupt intrusion."</marc:subfield>
	</marc:datafield>
    <marc:datafield ind1="4" ind2=" " tag="510">
        <marc:subfield code="a">ESTC (RLIN)</marc:subfield>
        <marc:subfield code="c">T66934</marc:subfield>
    </marc:datafield>
	<marc:datafield ind1=" " ind2=" " tag="520">
	    <marc:subfield code="a">Dedication</marc:subfield>
		<marc:subfield code="b">To her grace the dutchess of Northumberland.</marc:subfield>
		<marc:subfield code="c">Front</marc:subfield>
		<marc:subfield code="v">v.1</marc:subfield>
		<marc:subfield code="x">Transcription of first sentence: "Madam, Had your grace been only a dutchess, the author of these little volumes had sought some other patronage, and declined to pay that respect to your rank which he now addresses to your virtues." Signed: "Most devoted and most humble servant, Hugh Kelly. Middle Temple, March 31, 1767.</marc:subfield>
	</marc:datafield>
    <marc:datafield ind1=" " ind2=" " tag="590">
        <marc:subfield code="a">Bound in 1 vol.</marc:subfield>
    </marc:datafield>
	<marc:datafield ind1=" " ind2=" " tag="592">
	    <marc:subfield code="a">Epistolary</marc:subfield>
	</marc:datafield>
	<marc:datafield ind1=" " ind2=" " tag="595">
	    <marc:subfield code="a">Pencil</marc:subfield>
		<marc:subfield code="b">Numbers</marc:subfield>
		<marc:subfield code="v">v.1</marc:subfield>
		<marc:subfield code="x">On title page; transcription: "[1767]"</marc:subfield>
	</marc:datafield>
	<marc:datafield ind1=" " ind2=" " tag="599">
	    <marc:subfield code="a">Author (text)</marc:subfield>
		<marc:subfield code="b">Proper name</marc:subfield>
		<marc:subfield code="2">By Hugh Kelly, esq.</marc:subfield>
		<marc:subfield code="3">Title page</marc:subfield>
		<marc:subfield code="5">Male</marc:subfield>
		<marc:subfield code="6">Male</marc:subfield>
	</marc:datafield>
	<marc:datafield ind1=" " ind2=" " tag="599">
	    <marc:subfield code="a">Author (paratext)</marc:subfield>
		<marc:subfield code="b">Proper name</marc:subfield>
		<marc:subfield code="2">Most devoted and most humble servant, Hugh Kelly.</marc:subfield>
		<marc:subfield code="3">Dedication</marc:subfield>
		<marc:subfield code="5">Male</marc:subfield>
		<marc:subfield code="6">Male</marc:subfield>
	</marc:datafield>
    <marc:datafield ind1=" " ind2="4" tag="650">
        <marc:subfield code="a">CHR 1795</marc:subfield>
    </marc:datafield>
    <marc:datafield ind1=" " ind2="4" tag="650">
        <marc:subfield code="a">PRO Singer, Jacob (donor)</marc:subfield>
    </marc:datafield>
    <marc:datafield ind1=" " ind2="4" tag="650">
        <marc:subfield code="a">PRO Singer, Leah (donor)</marc:subfield>
    </marc:datafield>
    <marc:datafield ind1=" " ind2="4" tag="650">
        <marc:subfield code="a">PRO Singer, Godfrey F. (honoree)</marc:subfield>
    </marc:datafield>
	<marc:datafield ind1=" " ind2=" " tag="700">
	    <marc:subfield code="a">Kelly, Hugh</marc:subfield>
		<marc:subfield code="d">1739-1777</marc:subfield>
		<marc:subfield code="4">Author (text)</marc:subfield>
		<marc:subfield code="5">Authorized</marc:subfield>
	</marc:datafield>
	<marc:datafield ind1=" " ind2=" " tag="700">
	    <marc:subfield code="a">Kelly, Hugh</marc:subfield>
		<marc:subfield code="d">1739-1777</marc:subfield>
		<marc:subfield code="4">Author (paratext)</marc:subfield>
		<marc:subfield code="5">Authorized</marc:subfield>
	</marc:datafield>
	<marc:datafield ind1=" " ind2=" " tag="700">
	    <marc:subfield code="a">Cooke, Charles</marc:subfield>
		<marc:subfield code="d">Active 1789-1817</marc:subfield>
		<marc:subfield code="4">Publisher (text)</marc:subfield>
		<marc:subfield code="5">Authorized</marc:subfield>
	</marc:datafield>
	<marc:datafield ind1=" " ind2=" " tag="700">
		<marc:subfield code="a">Kirk, Thomas</marc:subfield>
		<marc:subfield code="d">1765?-1797</marc:subfield>
		<marc:subfield code="4">Author (illustration)</marc:subfield>
		<marc:subfield code="5">Authorized</marc:subfield>
	</marc:datafield>
	<marc:datafield ind1=" " ind2=" " tag="700">
		<marc:subfield code="a">Warren, Charles Turner</marc:subfield>
		<marc:subfield code="d">1767-1823?</marc:subfield>
		<marc:subfield code="4">Author (illustration)</marc:subfield>
		<marc:subfield code="5">Authorized</marc:subfield>
	</marc:datafield>
    <marc:datafield ind1="2" ind2=" " tag="710">
        <marc:subfield code="a">Collection of British and American Fiction, 1660-1830 (University of Pennsylvania)</marc:subfield>
        <marc:subfield code="5">PU</marc:subfield>
    </marc:datafield>
    <marc:datafield ind1="2" ind2=" " tag="710">
        <marc:subfield code="a">Early Novels</marc:subfield>
        <marc:subfield code="5">University of Pennsylvania</marc:subfield>
    </marc:datafield>
    <marc:datafield ind1="0" ind2="2" tag="740">
        <marc:subfield code="a">History of Louisa Mildmay.</marc:subfield>
    </marc:datafield>
    <marc:datafield ind1=" " ind2=" " tag="752">
        <marc:subfield code="a">England</marc:subfield>
        <marc:subfield code="d">London</marc:subfield>
    </marc:datafield>
    <marc:datafield ind1=" " ind2=" " tag="950">
        <marc:subfield code="l">RBC</marc:subfield>
        <marc:subfield code="e">\\Singer-\Menden-\hall\</marc:subfield>
        <marc:subfield code="v">v.1-2</marc:subfield>
        <marc:subfield code="i">11/20/86 C</marc:subfield>
    </marc:datafield>
    <marc:datafield ind1=" " ind2=" " tag="955">
        <marc:subfield code="l">RBC</marc:subfield>
        <marc:subfield code="c">1:(v.1-2)</marc:subfield>
        <marc:subfield code="q">726097</marc:subfield>
        <marc:subfield code="q">g. Mr. and Mrs. Jacob Singer</marc:subfield>
        <marc:subfield code="s">Bound in 1 vol.</marc:subfield>
        <marc:subfield code="i">11/20/86 C</marc:subfield>
    </marc:datafield>
	<marc:datafield ind1=" " ind2=" " tag="989">
	    <marc:subfield code="2">Memoir</marc:subfield>
		<marc:subfield code="2">Magdalen</marc:subfield>
		<marc:subfield code="2">History</marc:subfield>
		<marc:subfield code="2">Volume</marc:subfield>
		<marc:subfield code="2">Esq.</marc:subfield>
		<marc:subfield code="2">Edition</marc:subfield>
		<marc:subfield code="2">Engraving</marc:subfield>
		<marc:subfield code="3">Two</marc:subfield>
		<marc:subfield code="3">One</marc:subfield>
		<marc:subfield code="3">Superb</marc:subfield>
		<marc:subfield code="5">Louisa Mildmay</marc:subfield>
		<marc:subfield code="5">Hugh Kelly</marc:subfield>
		<marc:subfield code="5">Cooke</marc:subfield>
		<marc:subfield code="6">Embellsih</marc:subfield>
	</marc:datafield>
	<marc:datafield ind1=" " ind2=" " tag="999">
	    <marc:subfield code="a">OF</marc:subfield>
		<marc:subfield code="b">6/11/18</marc:subfield>
		<marc:subfield code="c">Carnegie Mellon University</marc:subfield>
		<marc:subfield code="d">AS</marc:subfield>
	</marc:datafield>
</marc:record>