<marc:record xmlns:marc="http://www.loc.gov/MARC21/slim">
	<marc:leader>01193cam a2200337 a 4500</marc:leader>
	<marc:controlfield tag="001">99873473503681</marc:controlfield>
	<marc:controlfield tag="005">20141119164836.0</marc:controlfield>
	<marc:controlfield tag="008">861120s1795    enk           00000 eng d</marc:controlfield>
	<marc:datafield tag="035" ind1=" " ind2=" ">
		<marc:subfield code="a">(OCoLC)ocm11999523</marc:subfield>
	</marc:datafield>
	<marc:datafield tag="035" ind1=" " ind2=" ">
		<marc:subfield code="a">(OCoLC)11999523</marc:subfield>
	</marc:datafield>
	<marc:datafield tag="035" ind1=" " ind2=" ">
		<marc:subfield code="a">(CStRLIN)PAUG86-B49032</marc:subfield>
	</marc:datafield>
	<marc:datafield tag="035" ind1=" " ind2=" ">
		<marc:subfield code="a">(CaOTULAS)185125016</marc:subfield>
	</marc:datafield>
	<marc:datafield tag="035" ind1=" " ind2=" ">
		<marc:subfield code="9">AAK8923</marc:subfield>
	</marc:datafield>
	<marc:datafield tag="035" ind1=" " ind2=" ">
		<marc:subfield code="a">87347</marc:subfield>
	</marc:datafield>
	<marc:datafield tag="035" ind1=" " ind2=" ">
		<marc:subfield code="a">(PU)87347-penndb-Voyager</marc:subfield>
	</marc:datafield>
	<marc:datafield tag="035" ind1=" " ind2=" ">
		<marc:subfield code="a">(PennHoldings) 108679</marc:subfield>
	</marc:datafield>
	<marc:datafield tag="040" ind1=" " ind2=" ">
		<marc:subfield code="a">PU</marc:subfield>
		<marc:subfield code="c">PU</marc:subfield>
	</marc:datafield>
	<marc:datafield tag="090" ind1=" " ind2=" ">
		<marc:subfield code="a">PR3392</marc:subfield>
		<marc:subfield code="b">.H4 1795b</marc:subfield>
		<marc:subfield code="i">11/21/86 CT</marc:subfield>
	</marc:datafield>
	<marc:datafield tag="100" ind1="1" ind2="0">
		<marc:subfield code="a">Cumberland, Richard,</marc:subfield>
		<marc:subfield code="d">1732-1811.</marc:subfield>
	</marc:datafield>
	<marc:datafield tag="245" ind1="1" ind2="0">
		<marc:subfield code="a">Henry :</marc:subfield>
		<marc:subfield code="b">in four volumes /</marc:subfield>
		<marc:subfield code="c">by the author of Arundel.</marc:subfield>
	</marc:datafield>

	<marc:datafield tag="246" ind1=" " ind2=" ">
		<marc:subfield code="a">Henry; in four volumes. By the author of Arundel. Vol. I. The second edition.</marc:subfield>
		<marc:subfield code="d">Letter-press</marc:subfield>
		<marc:subfield code="g">Full</marc:subfield>
		<marc:subfield code="x">Volume</marc:subfield>
		<marc:subfield code="v">v.1</marc:subfield>
	</marc:datafield>
	<marc:datafield tag="246" ind1=" " ind2=" ">
		<marc:subfield code="a">Henry; a novel, in four volumes.</marc:subfield>
		<marc:subfield code="d">Letter-press</marc:subfield>
		<marc:subfield code="g">Half</marc:subfield>
		<marc:subfield code="x">Work</marc:subfield>
		<marc:subfield code="v">v.1</marc:subfield>
	</marc:datafield>
	<marc:datafield tag="246" ind1=" " ind2=" ">
		<marc:subfield code="a">Henry; in four volumes. By the author of Arundel. Vol. II. The second edition.</marc:subfield>
		<marc:subfield code="d">Letter-press</marc:subfield>
		<marc:subfield code="g">Full</marc:subfield>
		<marc:subfield code="x">Volume</marc:subfield>
		<marc:subfield code="v">v.2</marc:subfield>
	</marc:datafield>
	<marc:datafield tag="246" ind1=" " ind2=" ">
		<marc:subfield code="a">Henry; in four volumes. By the author of Arundel. Vol. III. The second edition.</marc:subfield>
		<marc:subfield code="d">Letter-press</marc:subfield>
		<marc:subfield code="g">Full</marc:subfield>
		<marc:subfield code="x">Volume</marc:subfield>
		<marc:subfield code="v">v.3</marc:subfield>
	</marc:datafield>
	<marc:datafield tag="246" ind1=" " ind2=" ">
		<marc:subfield code="a">Henry; in four volumes. By the author of Arundel. Vol. IV. The second edition.</marc:subfield>
		<marc:subfield code="d">Letter-press</marc:subfield>
		<marc:subfield code="g">Full</marc:subfield>
		<marc:subfield code="x">Volume</marc:subfield>
		<marc:subfield code="v">v.4</marc:subfield>
	</marc:datafield>

	<marc:datafield tag="246" ind1="0" ind2="7">
		<marc:subfield code="a">Henry.</marc:subfield>
		<marc:subfield code="v">v.1</marc:subfield>
		<marc:subfield code="v">v.2</marc:subfield>
		<marc:subfield code="v">v.3</marc:subfield>
		<marc:subfield code="v">v.4</marc:subfield>
	</marc:datafield>
	<marc:datafield tag="246" ind1="0" ind2="7">
		<marc:subfield code="a">Henry. (recto)</marc:subfield>
		<marc:subfield code="a">Henry. (verso)</marc:subfield>
		<marc:subfield code="v">v.1</marc:subfield>
		<marc:subfield code="v">v.2</marc:subfield>
		<marc:subfield code="v">v.3</marc:subfield>
		<marc:subfield code="v">v.4</marc:subfield>
	</marc:datafield>

	<marc:datafield tag="250" ind1=" " ind2=" ">
		<marc:subfield code="a">The second edition.</marc:subfield>
		<marc:subfield code="b">Second edition</marc:subfield>
	</marc:datafield>

	<marc:datafield tag="260" ind1=" " ind2=" ">
		<marc:subfield code="a">London</marc:subfield>
		<marc:subfield code="b">Printed for Charles Dilly, in the Poultry.</marc:subfield>
		<marc:subfield code="c">1795</marc:subfield>
		<marc:subfield code="c">1795.</marc:subfield>
		<marc:subfield code="v">v.1</marc:subfield>
		<marc:subfield code="v">v.2</marc:subfield>
		<marc:subfield code="v">v.3</marc:subfield>
		<marc:subfield code="v">v.4</marc:subfield>
	</marc:datafield>

	<marc:datafield tag="300" ind1=" " ind2=" ">
		<marc:subfield code="a">4 v. ;</marc:subfield>
		<marc:subfield code="c">16 cm. (12mo)</marc:subfield>
		<marc:subfield code="x">Duodecimo</marc:subfield>
		<marc:subfield code="z">In four volumes.</marc:subfield>
	</marc:datafield>

	<marc:datafield tag="500" ind1=" " ind2=" ">
		<marc:subfield code="a">By Richard Cumberland.  Cf. BM.</marc:subfield>
	</marc:datafield>
	<marc:datafield tag="500" ind1=" " ind2=" ">
		<marc:subfield code="a">Some of the chapters are addresses by the author to the reader/reflections by author on authorship. v.1 has chapters "The high dignity, powers, and prerogatives of the novel-writer", "Reasons for writing as fast as we can", "A dissertation, which our readers will either sleep over, or pass over, as suits them best". v.2 has chapters "The author appeals to his readers" and "The author hints at a reform in the constitution of a novel". v.3 has chapter "An humble apology for authors in general, with some modest hints at their peculiar usefulness".  v.4 has chapters "In which the Author confuses himself" and "The Author's last address to his readers." </marc:subfield>
	</marc:datafield>
	<marc:datafield tag="500" ind1=" " ind2=" ">
		<marc:subfield code="a">Green ribbon bookmarks/strings found in all four volumes.</marc:subfield>
	</marc:datafield>
	<marc:datafield tag="500" ind1=" " ind2=" ">
		<marc:subfield code="a">Between pg. 56 and 57, there is a piece of paper with words written in pencil, transcription: [Cumberland, Ricahrd] 1723-1811 Henry; in four volumes. By the authoru of Arundel. The second edition... London, 1795. g. Dr. Mendenhall.</marc:subfield>
	</marc:datafield>

	<marc:datafield tag="510" ind1="4" ind2=" ">
		<marc:subfield code="a">ESTC (RLIN)</marc:subfield>
		<marc:subfield code="c">N7198</marc:subfield>
	</marc:datafield>
	<marc:datafield tag="510" ind1="4" ind2=" ">
		<marc:subfield code="a">English novel, 1770-1829,</marc:subfield>
		<marc:subfield code="c">1795:17</marc:subfield>
	</marc:datafield>
	<marc:datafield tag="510" ind1="4" ind2=" ">
		<marc:subfield code="a">Block, A.  Engl. novel (1961 ed.),</marc:subfield>
		<marc:subfield code="c">p.50</marc:subfield>
	</marc:datafield>

	<marc:datafield tag="520" ind1=" " ind2=" ">
		<marc:subfield code="a">Advertisement</marc:subfield>
		<marc:subfield code="b">Advertisement to the reader.</marc:subfield>
		<marc:subfield code="c">Front</marc:subfield>
		<marc:subfield code="v">v.1</marc:subfield>
		<marc:subfield code="x">First sentence: "It is a custom with some authors to introduce their works by a prefatory appeal to the candour of the reader, and circumstances may undoubtedly combine to justify the measure; but when a man acts from his own free motives in resorting to the press, how can he be warranted for untruding on the public without a proper confidence in his powers for entertaining them?"; Signed: The Author.</marc:subfield>
	</marc:datafield>
	<marc:datafield tag="520" ind1=" " ind2=" ">
		<marc:subfield code="a">Table of contents</marc:subfield>
		<marc:subfield code="b">Contents.</marc:subfield>
		<marc:subfield code="c">Front</marc:subfield>
		<marc:subfield code="v">v.1</marc:subfield>
	</marc:datafield>
	<marc:datafield tag="520" ind1=" " ind2=" ">
		<marc:subfield code="a">Table of contents</marc:subfield>
		<marc:subfield code="b">Contents.</marc:subfield>
		<marc:subfield code="c">Front</marc:subfield>
		<marc:subfield code="v">v.2</marc:subfield>
	</marc:datafield>
	<marc:datafield tag="520" ind1=" " ind2=" ">
		<marc:subfield code="a">Table of contents</marc:subfield>
		<marc:subfield code="b">Contents.</marc:subfield>
		<marc:subfield code="c">Front</marc:subfield>
		<marc:subfield code="v">v.3</marc:subfield>
	</marc:datafield>
	<marc:datafield tag="520" ind1=" " ind2=" ">
		<marc:subfield code="a">Table of contents</marc:subfield>
		<marc:subfield code="b">Contents.</marc:subfield>
		<marc:subfield code="c">Front</marc:subfield>
		<marc:subfield code="v">v.4</marc:subfield>
	</marc:datafield>

	<marc:datafield tag="591" ind1=" " ind2=" ">
		<marc:subfield code="a">Ficta voluptatis causa sint proxima veris, ---Nec quodcunque volet poscat sibi fabula credi.</marc:subfield>
		<marc:subfield code="b">Ars Poetica</marc:subfield>
		<marc:subfield code="c">Horace</marc:subfield>
		<marc:subfield code="d">Fictions meant to please should be close to the real, so that your play must not ask for belief in anything it chooses.</marc:subfield>
		<marc:subfield code="v">v.1</marc:subfield>
		<marc:subfield code="v">v.2</marc:subfield>
		<marc:subfield code="v">v.3</marc:subfield>
		<marc:subfield code="v">v.4</marc:subfield>
		<marc:subfield code="x">From Latin, Translation found in William Webbe, 'a Discourse of English Poetry' edited by Sonia Hernandez-Santano. Located on full title pages.</marc:subfield>
	</marc:datafield>

	<marc:datafield tag="592" ind1=" " ind2=" ">
		<marc:subfield code="a">Third-person</marc:subfield>
		<marc:subfield code="b">First-person</marc:subfield>
	</marc:datafield>
	<marc:datafield tag="599" ind1=" " ind2=" ">
		<marc:subfield code="a">Author (text)</marc:subfield>
		<marc:subfield code="b">Reference to other works</marc:subfield>
		<marc:subfield code="2">By the author of Arundel.</marc:subfield>
		<marc:subfield code="3">Title Page</marc:subfield>
		<marc:subfield code="5">Indeterminate</marc:subfield>
		<marc:subfield code="6">Male</marc:subfield>
		<marc:subfield code="v">v.1</marc:subfield>
		<marc:subfield code="v">v.2</marc:subfield>
		<marc:subfield code="v">v.3</marc:subfield>
		<marc:subfield code="v">v.4</marc:subfield>
	</marc:datafield>
	<marc:datafield tag="599" ind1=" " ind2=" ">
		<marc:subfield code="a">Author (paratext)</marc:subfield>
		<marc:subfield code="b">Generic/Descriptive</marc:subfield>
		<marc:subfield code="2">The Author.</marc:subfield>
		<marc:subfield code="3">Advertisement</marc:subfield>
		<marc:subfield code="5">Indeterminate</marc:subfield>
		<marc:subfield code="6">Male</marc:subfield>
		<marc:subfield code="v">v.1</marc:subfield>
	</marc:datafield>

	<marc:datafield tag="650" ind1=" " ind2="4">
		<marc:subfield code="a">CHR 1795</marc:subfield>
	</marc:datafield>
	<marc:datafield tag="650" ind1=" " ind2="4">
		<marc:subfield code="a">PRO Gilpin, George (bookplates)</marc:subfield>
	</marc:datafield>
	<marc:datafield tag="650" ind1=" " ind2="4">
		<marc:subfield code="a">PRO Mendenhall, John C. (donor)</marc:subfield>
	</marc:datafield>
	<marc:datafield tag="700" ind1=" " ind2=" ">
		<marc:subfield code="a">Cumberland, Richard</marc:subfield>
		<marc:subfield code="d">1732-1811</marc:subfield>
		<marc:subfield code="4">Author (text)</marc:subfield>
		<marc:subfield code="5">Authorized</marc:subfield>
	</marc:datafield>

	<marc:datafield tag="700" ind1=" " ind2=" ">
		<marc:subfield code="a">Cumberland, Richard</marc:subfield>
		<marc:subfield code="d">1732-1811</marc:subfield>
		<marc:subfield code="4">Author (paratext)</marc:subfield>
		<marc:subfield code="5">Authorized</marc:subfield>
	</marc:datafield>
	<marc:datafield tag="700" ind1=" " ind2=" ">
		<marc:subfield code="a">Dilly, Charles</marc:subfield>
		<marc:subfield code="d">1739-1807</marc:subfield>
		<marc:subfield code="4">Printed for</marc:subfield>
		<marc:subfield code="5">Authorized</marc:subfield>
	</marc:datafield>
	<marc:datafield tag="700" ind1=" " ind2=" ">
		<marc:subfield code="a">Horace</marc:subfield>
		<marc:subfield code="4">Author (epigraph)</marc:subfield>
		<marc:subfield code="5">Authorized</marc:subfield>
	</marc:datafield>

	<marc:datafield tag="710" ind1="2" ind2=" ">
		<marc:subfield code="a">Collection of British and American Fiction, 1660-1830 (University of Pennsylvania)</marc:subfield>
		<marc:subfield code="5">PU</marc:subfield>
	</marc:datafield>
	<marc:datafield tag="710" ind1="2" ind2=" ">
		<marc:subfield code="a">Early Novels</marc:subfield>
		<marc:subfield code="5">University of Pennsylvania</marc:subfield>
	</marc:datafield>

	<marc:datafield tag="950" ind1=" " ind2=" ">
		<marc:subfield code="l">RBC</marc:subfield>
		<marc:subfield code="e">\\Singer-\Menden-\hall\</marc:subfield>
		<marc:subfield code="v">4 v.</marc:subfield>
		<marc:subfield code="i">11/21/86 C</marc:subfield>
	</marc:datafield>
	<marc:datafield tag="955" ind1=" " ind2=" ">
		<marc:subfield code="l">RBC</marc:subfield>
		<marc:subfield code="c">1:(v.1-4)</marc:subfield>
		<marc:subfield code="q">50-693</marc:subfield>
		<marc:subfield code="s">g. John C. Mendenhall</marc:subfield>
		<marc:subfield code="i">11/21/86 C</marc:subfield>
	</marc:datafield>

	<marc:datafield tag="989" ind1=" " ind2=" ">
		<marc:subfield code="5">Henry</marc:subfield>
		<marc:subfield code="3">Four</marc:subfield>
		<marc:subfield code="2">Volume</marc:subfield>
		<marc:subfield code="2">Author</marc:subfield>
		<marc:subfield code="1">Arundel</marc:subfield>
		<marc:subfield code="3">Second</marc:subfield>
		<marc:subfield code="2">Edition</marc:subfield>
	</marc:datafield>
	<marc:datafield tag="999" ind1=" " ind2=" ">
		<marc:subfield code="a">SH</marc:subfield>
		<marc:subfield code="b">6/5/2018</marc:subfield>
		<marc:subfield code="c">Swarthmore College</marc:subfield>
		<marc:subfield code="d">DPL</marc:subfield>
		<marc:subfield code="d">IC</marc:subfield>
	</marc:datafield>
</marc:record>