<marc:record>
    <marc:leader>01353cam a2200349 a 4500</marc:leader>
    <marc:controlfield tag="001">99874933503681</marc:controlfield>
    <marc:controlfield tag="005">20141119164916.0</marc:controlfield>
    <marc:controlfield tag="008">861124s1795    enk           00000 eng d</marc:controlfield>
    <marc:datafield tag="035" ind1=" " ind2=" ">
        <marc:subfield code="a">(OCoLC)ocm81990516</marc:subfield>
    </marc:datafield>
    <marc:datafield tag="035" ind1=" " ind2=" ">
        <marc:subfield code="a">(OCoLC)81990516</marc:subfield>
    </marc:datafield>
    <marc:datafield tag="035" ind1=" " ind2=" ">
        <marc:subfield code="a">(CStRLIN)PAUG86-B49196</marc:subfield>
    </marc:datafield>
    <marc:datafield tag="035" ind1=" " ind2=" ">
        <marc:subfield code="a">(CaOTULAS)185126021</marc:subfield>
    </marc:datafield>
    <marc:datafield tag="035" ind1=" " ind2=" ">
        <marc:subfield code="9">AAK9071</marc:subfield>
    </marc:datafield>
    <marc:datafield tag="035" ind1=" " ind2=" ">
        <marc:subfield code="a">87493</marc:subfield>
    </marc:datafield>
    <marc:datafield tag="035" ind1=" " ind2=" ">
        <marc:subfield code="a">(PU)87493-penndb-Voyager</marc:subfield>
    </marc:datafield>
    <marc:datafield tag="035" ind1=" " ind2=" ">
        <marc:subfield code="a">(PennHoldings)108833</marc:subfield>
    </marc:datafield>
    <marc:datafield tag="040" ind1=" " ind2=" ">
        <marc:subfield code="a">PU</marc:subfield>
        <marc:subfield code="c">PU</marc:subfield>
    </marc:datafield>
    <marc:datafield tag="090" ind1=" " ind2=" ">
        <marc:subfield code="a">PR4705.F59</marc:subfield>
        <marc:subfield code="b">D8 1795</marc:subfield>
        <marc:subfield code="i">12/01/86 CT</marc:subfield>
    </marc:datafield>
    <marc:datafield tag="100" ind1="1" ind2="0">
        <marc:subfield code="a">Foster, E. M.,</marc:subfield>
        <marc:subfield code="c">Mrs.</marc:subfield>
    </marc:datafield>
    <marc:datafield tag="245" ind1="1" ind2="4">
        <marc:subfield code="a">The Duke of Clarence :</marc:subfield>
        <marc:subfield code="b">an historical novel, in four volumes /</marc:subfield>
        <marc:subfield code="c">by E. M. F.</marc:subfield>
    </marc:datafield>
    <marc:datafield tag="246" ind1=" " ind2=" ">
        <marc:subfield code="a">Duke of Clarence.</marc:subfield>
        <marc:subfield code="d">Letter-press</marc:subfield>
        <marc:subfield code="g">Half</marc:subfield>
        <marc:subfield code="v">v.1</marc:subfield>
        <marc:subfield code="v">v.2</marc:subfield>
        <marc:subfield code="v">v.3</marc:subfield>
        <marc:subfield code="v">v.4</marc:subfield>
        <marc:subfield code="x">Work</marc:subfield>
    </marc:datafield>
    <marc:datafield tag="246" ind1=" " ind2=" ">
        <marc:subfield code="a">The Duke of Clarence. An historical novel. In four volumes. By E.M.F. Vol. [].</marc:subfield>
        <marc:subfield code="d">Letter-press</marc:subfield>
        <marc:subfield code="g">Full</marc:subfield>
        <marc:subfield code="v">v.1</marc:subfield>
        <marc:subfield code="v">v.2</marc:subfield>
        <marc:subfield code="v">v.3</marc:subfield>
        <marc:subfield code="v">v.4</marc:subfield>
        <marc:subfield code="x">Volume</marc:subfield>
    </marc:datafield>
    <marc:datafield tag="246" ind1="0" ind2="7">
        <marc:subfield code="a">Duke of Clarence</marc:subfield>
        <marc:subfield code="v">v.1</marc:subfield>
        <marc:subfield code="v">v.2</marc:subfield>
        <marc:subfield code="v">v.3</marc:subfield>
        <marc:subfield code="v">v.4</marc:subfield>
    </marc:datafield>
    <marc:datafield tag="246" ind1="0" ind2="7">
        <marc:subfield code="a">Duke of Clarence (verso)</marc:subfield>
        <marc:subfield code="a">Duke of Clarence (recto)</marc:subfield>
        <marc:subfield code="v">v.1</marc:subfield>
        <marc:subfield code="v">v.2</marc:subfield>
        <marc:subfield code="v">v.3</marc:subfield>
        <marc:subfield code="v">v.4</marc:subfield>
    </marc:datafield>
    <marc:datafield tag="260" ind1="0" ind2=" ">
        <marc:subfield code="a">London</marc:subfield>
        <marc:subfield code="b">Printed for William Lane, at the Minerva-Press Leadenhall-street.</marc:subfield>
        <marc:subfield code="c">M.DCC.XCV.</marc:subfield>
        <marc:subfield code="c">1795</marc:subfield>
    </marc:datafield>
    <marc:datafield tag="300" ind1=" " ind2=" ">
        <marc:subfield code="a">4 v. ;</marc:subfield>
        <marc:subfield code="c">28 cm. (12mo)</marc:subfield>
        <marc:subfield code="x">Duodecimo</marc:subfield>
    </marc:datafield>
    <marc:datafield tag="500" ind1=" " ind2=" ">
        <marc:subfield code="a">"E. M. F." stands for Mrs. Foster.  Cf. BM.</marc:subfield>
    </marc:datafield>
    <marc:datafield tag="500" ind1=" " ind2=" ">
        <marc:subfield code="a">Advertisements: v. 1 and 2, final page; v. 3, final leaf.</marc:subfield>
    </marc:datafield>
    <marc:datafield tag="500" ind1=" " ind2=" ">
        <marc:subfield code="a">Watermark on the back free endpaper of v. 3, transcription: 1794.</marc:subfield>
    </marc:datafield>
    <marc:datafield tag="510" ind1="4" ind2=" ">
        <marc:subfield code="a">ESTC (RLIN)</marc:subfield>
        <marc:subfield code="c">T115064</marc:subfield>
    </marc:datafield>
    <marc:datafield tag="510" ind1="4" ind2=" ">
        <marc:subfield code="a">English novel, 1770-1829,</marc:subfield>
        <marc:subfield code="c">1795:21</marc:subfield>
    </marc:datafield>
    <marc:datafield tag="510" ind1="4" ind2=" ">
        <marc:subfield code="a">Block, A.  Engl. novel (1961 ed.),</marc:subfield>
        <marc:subfield code="c">p.77</marc:subfield>
    </marc:datafield>
    <marc:datafield tag="510" ind1="4" ind2=" ">
        <marc:subfield code="a">Blakey, D.  Minerva Press</marc:subfield>
        <marc:subfield code="c">p. 169.</marc:subfield>
    </marc:datafield>
    <marc:datafield tag="592" ind1=" " ind2=" "> 
        <marc:subfield code="a">Third-person</marc:subfield>
    </marc:datafield>
    <marc:datafield tag="594" ind1=" " ind2=" ">
        <marc:subfield code="a">Eliz : Bateman 4 Vols</marc:subfield>
        <marc:subfield code="b">Ink</marc:subfield>
        <marc:subfield code="x">Location: Front free endpaper</marc:subfield>
        <marc:subfield code="v">v.1</marc:subfield>
    </marc:datafield>
    <marc:datafield tag="594" ind1=" " ind2=" ">
        <marc:subfield code="a">Eliz : Bateman</marc:subfield>
        <marc:subfield code="b">Ink</marc:subfield>
        <marc:subfield code="x">Location: Front free endpaper</marc:subfield>
        <marc:subfield code="v">v.2</marc:subfield>
        <marc:subfield code="v">v.3</marc:subfield>
        <marc:subfield code="v">v.4</marc:subfield>
    </marc:datafield>
    <marc:datafield tag="599" ind1=" " ind2=" ">
        <marc:subfield code="a">Author (text)</marc:subfield>
        <marc:subfield code="b">Initials</marc:subfield>
        <marc:subfield code="2">By E.M.F.</marc:subfield>
        <marc:subfield code="3">Title page</marc:subfield>
        <marc:subfield code="5">Indeterminate</marc:subfield>
        <marc:subfield code="6">Female</marc:subfield>
    </marc:datafield>
    <marc:datafield tag="655" ind1=" " ind2="7">
        <marc:subfield code="a">Booksellers' advertisements</marc:subfield>
        <marc:subfield code="z">England</marc:subfield>
        <marc:subfield code="y">18th century.</marc:subfield>
        <marc:subfield code="2">rbgenr</marc:subfield>
    </marc:datafield>
    <marc:datafield tag="656" ind1=" " ind2=" ">
        <marc:subfield code="a">Fiction</marc:subfield>
        <marc:subfield code="b">Back</marc:subfield>
        <marc:subfield code="c">Same publisher</marc:subfield>
        <marc:subfield code="v">v.1</marc:subfield>
        <marc:subfield code="v">v.2</marc:subfield>
        <marc:subfield code="v">v.3</marc:subfield>
    </marc:datafield>
    <marc:datafield tag="650" ind1=" " ind2="4">
        <marc:subfield code="a">CHR 1795</marc:subfield>
    </marc:datafield>
    <marc:datafield tag="650" ind1=" " ind2="4">
        <marc:subfield code="a">PRO Bateman, Elizabeth (autographs)</marc:subfield>
    </marc:datafield>
    <marc:datafield tag="700" ind1=" " ind2=" ">
        <marc:subfield code="a">E.M.F.</marc:subfield>
        <marc:subfield code="4">Author (text)</marc:subfield>
        <marc:subfield code="5">Unauthorized</marc:subfield>
    </marc:datafield>
    <marc:datafield tag="700" ind1=" " ind2=" ">
        <marc:subfield code="a">Lane, William</marc:subfield>
        <marc:subfield code="d">d. 1814</marc:subfield>
        <marc:subfield code="4">Printed for</marc:subfield>
        <marc:subfield code="5">Authorized</marc:subfield>
    </marc:datafield>
    <marc:datafield tag="700" ind1=" " ind2=" ">
        <marc:subfield code="a">Eliz : Bateman</marc:subfield>
        <marc:subfield code="4">Inscribed by</marc:subfield>
        <marc:subfield code="5">Unauthorized</marc:subfield>
    </marc:datafield>
    <marc:datafield tag="710" ind1=" " ind2=" ">
        <marc:subfield code="a">Minerva Press</marc:subfield>
        <marc:subfield code="4">Printed for</marc:subfield>
        <marc:subfield code="5">Authorized</marc:subfield>
    </marc:datafield>
    <marc:datafield tag="710" ind1="2" ind2=" ">
        <marc:subfield code="a">Collection of British and American Fiction, 1660-1830 (University of Pennsylvania)</marc:subfield>
        <marc:subfield code="5">PU</marc:subfield>
    </marc:datafield>
    <marc:datafield tag="710" ind1="2" ind2=" ">
        <marc:subfield code="a">Early Novels</marc:subfield>
        <marc:subfield code="5">University of Pennsylvania</marc:subfield>
    </marc:datafield>
    <marc:datafield tag="950" ind1=" " ind2=" ">
        <marc:subfield code="l">RBC</marc:subfield>
        <marc:subfield code="e">\\Singer-\Menden-\hall\</marc:subfield>
        <marc:subfield code="v">4 v.</marc:subfield>
        <marc:subfield code="i">12/01/86 C</marc:subfield>
    </marc:datafield>
    <marc:datafield tag="955" ind1=" " ind2=" ">
        <marc:subfield code="l">RBC</marc:subfield>
        <marc:subfield code="c">1:(v.1-4)</marc:subfield>
        <marc:subfield code="q">725074-77</marc:subfield>
        <marc:subfield code="s">Singer Mem.</marc:subfield>
        <marc:subfield code="i">12/01/86 C</marc:subfield>
    </marc:datafield>
    <marc:datafield tag="989" ind1=" " ind2=" ">
        <marc:subfield code="2">Duke</marc:subfield>
        <marc:subfield code="2">Novel</marc:subfield>
        <marc:subfield code="2">Volume</marc:subfield>
        <marc:subfield code="3">Historical</marc:subfield>
        <marc:subfield code="3">Four</marc:subfield>
        <marc:subfield code="4">Clarence</marc:subfield>
        <marc:subfield code="5">E.M.F.</marc:subfield>
    </marc:datafield>

    <marc:datafield tag="999" ind1=" " ind2=" ">
        <marc:subfield code="a">OF</marc:subfield>
        <marc:subfield code="b">6/14/18</marc:subfield>
        <marc:subfield code="c">Carnegie Mellon University</marc:subfield>
        <marc:subfield code="d">DPL</marc:subfield>
    </marc:datafield>
</marc:record>