
<marc:record>
	<marc:leader>01367cam a2200373 a 4500</marc:leader>
	<marc:controlfield tag="001">99895463503681</marc:controlfield>
	<marc:controlfield tag="005">20141119165824.0</marc:controlfield>
	<marc:controlfield tag="008">861218s1795    mau           00000 eng d</marc:controlfield>	
	<marc:datafield tag="035" ind1=" " ind2=" ">
		<marc:subfield code="a">(OCoLC)ocm78284936</marc:subfield>
	</marc:datafield>
	<marc:datafield tag="035" ind1=" " ind2=" ">
		<marc:subfield code="a">(OCoLC)78284936</marc:subfield>
	</marc:datafield>
	<marc:datafield tag="035" ind1=" " ind2=" ">
		<marc:subfield code="a">(CStRLIN)PAUG86-B52160</marc:subfield>
	</marc:datafield>
	<marc:datafield tag="035" ind1=" " ind2=" ">
		<marc:subfield code="a">(CaOTULAS)185139284</marc:subfield>
	</marc:datafield>
	<marc:datafield tag="035" ind1=" " ind2=" ">
		<marc:subfield code="9">AAL1189</marc:subfield>
	</marc:datafield>
	<marc:datafield tag="035" ind1=" " ind2=" ">
		<marc:subfield code="a">89546</marc:subfield>
	</marc:datafield>
	<marc:datafield tag="035" ind1=" " ind2=" ">
		<marc:subfield code="a">(PU)89546-penndb-Voyager</marc:subfield>
	</marc:datafield>
	<marc:datafield tag="035" ind1=" " ind2=" ">
		<marc:subfield code="a">(PennHoldings)111007</marc:subfield>
	</marc:datafield>
	<marc:datafield tag="040" ind1=" " ind2=" ">
		<marc:subfield code="a">PU</marc:subfield>
		<marc:subfield code="c">PU</marc:subfield>
	</marc:datafield>
	<marc:datafield tag="090" ind1=" " ind2=" ">
		<marc:subfield code="a">PR3543.M2</marc:subfield>
		<marc:subfield code="b">M3 1795</marc:subfield>
		<marc:subfield code="i">12/19/86 CT</marc:subfield>
	</marc:datafield>
	<marc:datafield tag="100" ind1="1" ind2="0">
		<marc:subfield code="a">Mackenzie, Henry,</marc:subfield>
		<marc:subfield code="d">1745-1831.</marc:subfield>
	</marc:datafield>
	<marc:datafield tag="245" ind1="1" ind2="4">
		<marc:subfield code="a">The man of feeling.</marc:subfield>
	</marc:datafield>
	<marc:datafield tag="246" ind1=" " ind2=" ">
		<marc:subfield code="a">The man of feeling. First Worcester edition.</marc:subfield>
		<marc:subfield code="d">Letter-press</marc:subfield>
		<marc:subfield code="d">Full</marc:subfield>
		<marc:subfield code="d">Work</marc:subfield>
	</marc:datafield>
	<marc:datafield tag="246" ind1="0" ind2="7">
		<marc:subfield code="a">The man of feeling.</marc:subfield>
	</marc:datafield>
	<marc:datafield tag="246" ind1="0" ind2="7">
		<marc:subfield code="a">The man of feeling. (recto)</marc:subfield>
		<marc:subfield code="a">The man of feeling. (verso)</marc:subfield>
	</marc:datafield>
	<marc:datafield tag="246" ind1="0" ind2="7">
		<marc:subfield code="a">Story of La Roche. (recto)</marc:subfield>
		<marc:subfield code="a">Story of La Roche. (verso)</marc:subfield>
	</marc:datafield>
	<marc:datafield tag="250" ind1=" " ind2=" ">
		<marc:subfield code="a">The first Worcester edition.</marc:subfield>
	</marc:datafield>
	<marc:datafield tag="260" ind1="0" ind2=" ">
		<marc:subfield code="a">Worcester [Mass.]</marc:subfield>
		<marc:subfield code="b">Printed by Isaiah Thomas, jun. Sold at his bookstore.</marc:subfield>
		<marc:subfield code="c">1795</marc:subfield>
		<marc:subfield code="c">1795.</marc:subfield>
	</marc:datafield>
	<marc:datafield tag="300" ind1=" " ind2=" ">
		<marc:subfield code="a">vi, [1], 8-189 p. ;</marc:subfield>
		<marc:subfield code="c">18 cm. (12mo)</marc:subfield>
        <marc:subfield code="x">Duodecimo</marc:subfield>
	</marc:datafield>
	<marc:datafield tag="500" ind1=" " ind2=" ">
		<marc:subfield code="a">By Henry Mackenzie.  Cf. Halkett &amp; Laing (2nd ed.)</marc:subfield>
	</marc:datafield>
	<marc:datafield tag="500" ind1=" " ind2=" ">
		<marc:subfield code="a">"The story of La Roche, by the author of the Man of feeling": p. [169]-189.</marc:subfield>
	</marc:datafield>
	<marc:datafield tag="500" ind1=" " ind2=" ">
		<marc:subfield code="a">Printer's ornaments on title page and p. vi.</marc:subfield>
	</marc:datafield>
	<marc:datafield tag="510" ind1="4" ind2=" ">
		<marc:subfield code="a">ESTC (RLIN)</marc:subfield>
		<marc:subfield code="c">26058</marc:subfield>
	</marc:datafield>
	<marc:datafield tag="510" ind1="4" ind2=" ">
		<marc:subfield code="a">Halkett &amp; Laing (2nd ed.)</marc:subfield>
		<marc:subfield code="c">IV, p 11</marc:subfield>
	</marc:datafield>
	<marc:datafield tag="510" ind1="4" ind2=" ">
		<marc:subfield code="a">Evans</marc:subfield>
		<marc:subfield code="c">29012</marc:subfield>
	</marc:datafield>
	<marc:datafield tag="520" ind1=" " ind2=" ">
        <marc:subfield code="a">Introduction</marc:subfield>
        <marc:subfield code="b">Introduction.</marc:subfield>
        <marc:subfield code="c">Front</marc:subfield>
        <marc:subfield code="x">First sentence of the introduction, transcription: "My dog had made a point on a piece of sallow ground, and led the curate and me two or three hundred yards over that and some stubble adjoining, in a breathless state of expectation, on a burning first of September."</marc:subfield>
    </marc:datafield>
	<marc:datafield tag="520" ind1=" " ind2=" ">
		<marc:subfield code="a">Footnotes</marc:subfield>
		<marc:subfield code="c">Middle</marc:subfield>
		<marc:subfield code="x">Located on p. 7, p. 49. Page 7 transcription: "The reader will remember, that the Editor is accountable only for scattering chapters, and fragments of chapters; the curate must answer for the rest. The number at the top, when the chapter was entire, he has given as it originally stood, with the title which its author had affixed to it." Page 49 transcription: "Though the Curate could not remember having shown this chapter to any body, I strongly suspect that these political observations are the work of a later pen than the rest of this performance.e There seems to have been, by some accident, a gap in the manuscript, from the words, Expectation of a jointure, to these. In short, man is an animal, where the present blank ends; and some other person (for the hand is different, and the ink whiter) has filled part of it with sentiments of his own. Whoever he was, he seems to have caught some portion of the spirit of the man he personates."</marc:subfield>
	</marc:datafield>
	<marc:datafield tag="520" ind1=" " ind2=" ">
		<marc:subfield code="a">Poem</marc:subfield>
		<marc:subfield code="b">Lavinia. A pastoral.</marc:subfield>
		<marc:subfield code="c">Middle</marc:subfield>
		<marc:subfield code="x">First stanza: "Why steals from my bosom the sigh? ---Why fix'd is my gaze on the ground? ---Come, give me my pipe, and I'll try ---To banish my cares with the sound."</marc:subfield>
	</marc:datafield>
	<marc:datafield tag="520" ind1=" " ind2=" ">
		<marc:subfield code="a">Conclusion</marc:subfield>
		<marc:subfield code="b">The conclusion.</marc:subfield>
		<marc:subfield code="c">Back</marc:subfield>
		<marc:subfield code="x">Located on p. 168. Begins: "He had hinted that he should like to be buried in a certain spot near the grave of his mother. This is a weakness; but it is universally incident to humanity: 'Tis at least a memorial for those who surveve; for some indeed a slender memorial will serive; and the soft affections, when they are busy that way, will build their structures, were it but on the paring on a nail."</marc:subfield>
	</marc:datafield>
	<marc:datafield tag="520" ind1=" " ind2=" ">
		<marc:subfield code="a">Other</marc:subfield>
		<marc:subfield code="b">The story of La Roche. By the author of the Man of Feeling.</marc:subfield>
		<marc:subfield code="c">Back</marc:subfield>
		<marc:subfield code="x">Story by same author , located at p. 169. Begins: "More than forty years ago, An English philosopher, whose works have since been read and admired by all Europe, resided at a little town in France."</marc:subfield>
	</marc:datafield>
	<marc:datafield tag="592" ind1=" " ind2=" ">
		<marc:subfield code="a">First-person</marc:subfield>
		<marc:subfield code="b">Third-person</marc:subfield>
		<marc:subfield code="c">Poems</marc:subfield>
		<marc:subfield code="x">"Lavinia. A pastoral.": p. 145-149. "The story of La Roche. By the author of the man of feeling.": p. 169-189. </marc:subfield>
	</marc:datafield>
	<marc:datafield tag="594" ind1=" " ind2=" ">
		<marc:subfield code="a">Henry Hall 1795</marc:subfield>
		<marc:subfield code="b">Ink</marc:subfield>
		<marc:subfield code="x">Front free endpaper</marc:subfield>
	</marc:datafield>
	<marc:datafield tag="594" ind1=" " ind2=" ">
		<marc:subfield code="a">Alfred Lee jun Noor' 16th 1874 Phila.</marc:subfield>
		<marc:subfield code="b">Ink</marc:subfield>
		<marc:subfield code="x">Front free endpaper</marc:subfield>
	</marc:datafield>
	<marc:datafield tag="595" ind1=" " ind2=" ">
		<marc:subfield code="a">Pencil</marc:subfield>
		<marc:subfield code="b">Numbers</marc:subfield>
		<marc:subfield code="x">"193", front pastedown endpaper</marc:subfield>
	</marc:datafield>	
	<marc:datafield tag="595" ind1=" " ind2=" ">
		<marc:subfield code="a">Ink</marc:subfield>
		<marc:subfield code="b">Numbers</marc:subfield>
		<marc:subfield code="x">"$0.15", front free endpaper</marc:subfield>
	</marc:datafield>
	<marc:datafield tag="595" ind1=" " ind2=" ">
		<marc:subfield code="a">Ink</marc:subfield>
		<marc:subfield code="b">Words</marc:subfield>
		<marc:subfield code="x">"A lot.", front free endpaper</marc:subfield>
	</marc:datafield>
	<marc:datafield tag="595" ind1=" " ind2=" ">
		<marc:subfield code="a">Pencil</marc:subfield>
		<marc:subfield code="b">Numbers</marc:subfield>
		<marc:subfield code="x">"19039", p. iii</marc:subfield>
	</marc:datafield>
	<marc:datafield tag="595" ind1=" " ind2=" ">
		<marc:subfield code="a">Pencil</marc:subfield>
		<marc:subfield code="b">Words</marc:subfield>
		<marc:subfield code="x">"9. Dr. J.A. Montgomery.", p. iii</marc:subfield>
	</marc:datafield>
	<marc:datafield tag="595" ind1=" " ind2=" ">
		<marc:subfield code="a">Pencil</marc:subfield>
		<marc:subfield code="b">Numbers</marc:subfield>
		<marc:subfield code="x">"M., H., 1745-1831", p. iii</marc:subfield>
	</marc:datafield>
	 <marc:datafield tag="599" ind1=" " ind2=" ">
        <marc:subfield code="a">Editor (text)</marc:subfield>
        <marc:subfield code="b">Generic/Descriptive</marc:subfield>
        <marc:subfield code="2">The reader will remember, that the Editor is accountable only for scattering chapters, and fragments of chapters; the curate must answer for the rest.</marc:subfield>
        <marc:subfield code="3">Footnote</marc:subfield>
        <marc:subfield code="5">Indeterminate</marc:subfield>
		<marc:subfield code="6">Unknown</marc:subfield>
    </marc:datafield> 
    <marc:datafield tag="599" ind1=" " ind2=" ">
        <marc:subfield code="a">Author (text)</marc:subfield>
        <marc:subfield code="b">Generic/Descriptive</marc:subfield>
        <marc:subfield code="2">Though the Curate could not remember having shown this chapter to any body, I strongly suspect that these political observations are the work of a later pen than the rest of this performance.</marc:subfield>
        <marc:subfield code="3">Footnote</marc:subfield>
        <marc:subfield code="5">Indeterminate</marc:subfield>
		<marc:subfield code="6">Unknown</marc:subfield>
    </marc:datafield>
	<marc:datafield tag="599" ind1=" " ind2=" ">
		<marc:subfield code="a">Author (paratext)</marc:subfield>
		<marc:subfield code="b">Reference to other works</marc:subfield>
		<marc:subfield code="2">The story of La Roche by the author of the Man of Feeling.</marc:subfield>
		<marc:subfield code="3">The story of La Roche.</marc:subfield>
		<marc:subfield code="5">Indeterminate</marc:subfield>
		<marc:subfield code="6">Male</marc:subfield>
	</marc:datafield>
	<marc:datafield tag="650" ind1=" " ind2="4">
		<marc:subfield code="a">CHR 1795</marc:subfield>
	</marc:datafield>
	<marc:datafield tag="650" ind1=" " ind2="4">
		<marc:subfield code="a">PRO Hall, Henry (autograph)</marc:subfield>
	</marc:datafield>
	<marc:datafield tag="650" ind1=" " ind2="4">
		<marc:subfield code="a">PRO Lee, Alfred, jun. (autograph)</marc:subfield>
	</marc:datafield>
	<marc:datafield tag="650" ind1=" " ind2="4">
		<marc:subfield code="a">PRO Montgomery, J.A., Dr. (donor)</marc:subfield>
	</marc:datafield>
	<marc:datafield tag="700" ind1=" " ind2=" ">
		<marc:subfield code="a">Mackenzie, Henry</marc:subfield>
		<marc:subfield code="d">1745-1831</marc:subfield>
		<marc:subfield code="4">Author (text)</marc:subfield>
		<marc:subfield code="5">Authorized</marc:subfield>
	</marc:datafield>
	<marc:datafield tag="700" ind1=" " ind2=" ">
		<marc:subfield code="a">Thomas, Isaiah, Jun.</marc:subfield>
		<marc:subfield code="d">1773-1819</marc:subfield>
		<marc:subfield code="4">Printed by</marc:subfield>
		<marc:subfield code="5">Authorized</marc:subfield>
	</marc:datafield>
	<marc:datafield tag="700" ind1=" " ind2=" ">
		<marc:subfield code="a">Henry Hall</marc:subfield>
		<marc:subfield code="4">Inscribed by</marc:subfield>
		<marc:subfield code="5">Unauthorized</marc:subfield>
	</marc:datafield>
	<marc:datafield tag="700" ind1=" " ind2=" ">
		<marc:subfield code="a">Alfred Lee Jun.</marc:subfield>
		<marc:subfield code="4">Inscribed by</marc:subfield>
		<marc:subfield code="5">Unauthorized</marc:subfield>
	</marc:datafield>
	<marc:datafield tag="710" ind1="2" ind2=" ">
		<marc:subfield code="a">Collection of British and American Fiction, 1660-1830 (University of Pennsylvania)</marc:subfield>
		<marc:subfield code="5">PU</marc:subfield>
	</marc:datafield>	
	<marc:datafield tag="710" ind1="2" ind2=" ">
		<marc:subfield code="a">Early Novels</marc:subfield>
		<marc:subfield code="5">University of Pennsylvania</marc:subfield>
	</marc:datafield>	
	<marc:datafield tag="950" ind1=" " ind2=" ">
		<marc:subfield code="l">RBC</marc:subfield>
		<marc:subfield code="i">12/19/86 C</marc:subfield>
	</marc:datafield>
	<marc:datafield tag="955" ind1=" " ind2=" ">
		<marc:subfield code="l">RBC</marc:subfield>
		<marc:subfield code="c">1</marc:subfield>
		<marc:subfield code="q">g. Dr. J. A. Montgomery</marc:subfield>
		<marc:subfield code="i">12/19/86 C</marc:subfield>
	</marc:datafield>
	<marc:datafield tag="989" ind1=" " ind2=" ">
		<marc:subfield code="2">Man</marc:subfield>
		<marc:subfield code="2">Feeling</marc:subfield>
		<marc:subfield code="3">First</marc:subfield>
		<marc:subfield code="4">Worcester</marc:subfield>
		<marc:subfield code="2">Edition</marc:subfield>
	</marc:datafield>
	<marc:datafield tag="999" ind1=" " ind2=" ">
		<marc:subfield code="a">AS</marc:subfield>
		<marc:subfield code="b">6/8/18</marc:subfield>
        <marc:subfield code="c">University of Pennsylvania</marc:subfield>
        <marc:subfield code="d">IC</marc:subfield>
	</marc:datafield>
</marc:record>