
<marc:record>
	<marc:leader>01555cam a2200373 a 4500</marc:leader>
	<marc:controlfield tag="005">20141204115950.0</marc:controlfield>
	<marc:controlfield tag="008">881031s1795    paua   j      00010 eng d</marc:controlfield>
	<marc:controlfield tag="001">999573053503681</marc:controlfield>
	<marc:datafield ind1=" " ind2=" " tag="035">
		<marc:subfield code="a">(OCoLC)ocm21935897</marc:subfield>
	</marc:datafield>
	<marc:datafield ind1=" " ind2=" " tag="035">
		<marc:subfield code="a">(OCoLC)21935897</marc:subfield>
	</marc:datafield>
	<marc:datafield ind1=" " ind2=" " tag="035">
		<marc:subfield code="a">(CStRLIN)PAUG88-B43036</marc:subfield>
	</marc:datafield>
	<marc:datafield ind1=" " ind2=" " tag="035">
		<marc:subfield code="a">(CaOTULAS)159513226</marc:subfield>
	</marc:datafield>
	<marc:datafield ind1=" " ind2=" " tag="035">
		<marc:subfield code="9">AET8075</marc:subfield>
	</marc:datafield>
	<marc:datafield ind1=" " ind2=" " tag="035">
		<marc:subfield code="a">957305</marc:subfield>
	</marc:datafield>
	<marc:datafield ind1=" " ind2=" " tag="035">
		<marc:subfield code="a">(PU)957305-penndb-Voyager</marc:subfield>
	</marc:datafield>
	<marc:datafield ind1=" " ind2=" " tag="035">
		<marc:subfield code="a">(PennHoldings)1119918</marc:subfield>
	</marc:datafield>
	<marc:datafield ind1=" " ind2=" " tag="040">
		<marc:subfield code="a">MWA</marc:subfield>
		<marc:subfield code="c">MWA</marc:subfield>
		<marc:subfield code="e">bdrb</marc:subfield>
		<marc:subfield code="d">PU</marc:subfield>
	</marc:datafield>
	<marc:datafield ind1=" " ind2=" " tag="090">
		<marc:subfield code="a">PR3688.S4</marc:subfield>
		<marc:subfield code="b">R87 1795c</marc:subfield>
		<marc:subfield code="i">10/31/88 CT</marc:subfield>
	</marc:datafield>
	<marc:datafield ind1="1" ind2="0" tag="100">
		<marc:subfield code="a">Smith, Charlotte Turner,</marc:subfield>
		<marc:subfield code="d">1749-1806.</marc:subfield>
	</marc:datafield>
	<marc:datafield ind1="1" ind2="0" tag="245">
		<marc:subfield code="a">Rural walks: :</marc:subfield>
		<marc:subfield code="b">in dialogues. : Intended for the use of young persons. /</marc:subfield>
		<marc:subfield code="c">By Charlotte Smith. ; Two volumes in one. ; Volume I[-II].</marc:subfield>
	</marc:datafield>
	<marc:datafield ind1=" " ind2=" " tag="246">
		<marc:subfield code="a">Rural walks: in dialogues. Intended for the use of young persons. By Charlotte Smith. Two volumes in one. Volume I.</marc:subfield>
	    <marc:subfield code="d">Letter-press</marc:subfield>
	    <marc:subfield code="g">Full</marc:subfield>
	    <marc:subfield code="x">Volume</marc:subfield>
	    <marc:subfield code="v">v.1</marc:subfield>
	</marc:datafield>
	<marc:datafield ind1=" " ind2=" " tag="246">
		<marc:subfield code="a">Rural walks: in dialogues. Intended for the use of young persons. By Charlotte Smith. In two volumes. Volume II.</marc:subfield>
	    <marc:subfield code="d">Letter-press</marc:subfield>
	    <marc:subfield code="g">Full</marc:subfield>
	    <marc:subfield code="x">Volume</marc:subfield>
	    <marc:subfield code="v">v.2</marc:subfield>
	</marc:datafield>
	<marc:datafield ind1="0" ind2=" " tag="246">
	    <marc:subfield code="v">v.1</marc:subfield>
	    <marc:subfield code="v">v.2</marc:subfield>
	    <marc:subfield code="x">Changing running title</marc:subfield>
	</marc:datafield>
	<marc:datafield ind1="0" ind2=" " tag="246">
	    <marc:subfield code="a">Dialogue [] (verso)</marc:subfield>
	    <marc:subfield code="v">v.1</marc:subfield>
	    <marc:subfield code="v">v.2</marc:subfield>
	    <marc:subfield code="x">Changing running title</marc:subfield> 
	</marc:datafield>
	<marc:datafield ind1="0" ind2=" " tag="260">
		<marc:subfield code="a">Philadelphia</marc:subfield>
		<marc:subfield code="b">From the store of Thomas Stephens, no. 60, South Second Street.</marc:subfield>
		<marc:subfield code="c">1795</marc:subfield>
		<marc:subfield code="c">1795.</marc:subfield>
		<marc:subfield code="v">v.1</marc:subfield>
		<marc:subfield code="v">v.2</marc:subfield>
	</marc:datafield>
	<marc:datafield ind1=" " ind2=" " tag="261">
		<marc:subfield code="a">Wrigley and Berriman, printers, no. 149, Chestnut street.</marc:subfield>
		<marc:subfield code="f">Wrigley and Berriman</marc:subfield>
	</marc:datafield>
	<marc:datafield ind1=" " ind2=" " tag="300">
		<marc:subfield code="a">xi, [2], 199, [5] p., [1] leaf of plates :</marc:subfield>
		<marc:subfield code="b">Ill. (frontispiece)</marc:subfield>
		<marc:subfield code="c">18 cm. (12mo)</marc:subfield>
		<marc:subfield code="x">Duodecimo</marc:subfield>
		<marc:subfield code="z">Two volumes in one.</marc:subfield>
	</marc:datafield>
	<marc:datafield ind1=" " ind2=" " tag="500">
		<marc:subfield code="a">Vol. 2 (p. [99]-199, [5]) has separate title page.</marc:subfield>
	</marc:datafield>
	<marc:datafield ind1=" " ind2=" " tag="500">
		<marc:subfield code="a">"Wrigley and Berriman, printers, no. 149, Chesnut Street."--Colophon, p. 97 and 199.</marc:subfield>
	</marc:datafield>
	<marc:datafield ind1=" " ind2=" " tag="500">
		<marc:subfield code="a">Signatures: A-R6</marc:subfield>
	</marc:datafield>
	<marc:datafield ind1=" " ind2=" " tag="500">
		<marc:subfield code="a">Frontispiece engraved by James Thackara, titled "Innocence protected by wisdom, in her road to the temple of virtue."</marc:subfield>
	</marc:datafield>
	<marc:datafield ind1=" " ind2=" " tag="500">
		<marc:subfield code="a">Bookseller's advertisement, p. [1]-[5] at end.</marc:subfield>
	</marc:datafield>
	<marc:datafield ind1=" " ind2=" " tag="500">
		<marc:subfield code="a">Works quoted: Michael Drayton's Sonnet VI, p. 65; Roberts Burns' 'Man was made to mourn', a Dirge, p. 112; Burns' 'To a mountain daisy, on turning one down with the plough', p. 116</marc:subfield>
	</marc:datafield>
	<marc:datafield ind1=" " ind2=" " tag="500">
		<marc:subfield code="a">Library of the University of Pennsylvania bookplate on front pastedown endpaper. "The Maria Hosmer Penniman library of education. Presented to the University of Pennsylvania by James Hosmer Penniman as a memorial to his mother."</marc:subfield>
	</marc:datafield>
	<marc:datafield ind1=" " ind2=" " tag="500">
		<marc:subfield code="a">Writing in ink on front free endpaper: "Mary Boulton" and "augt august 17 1800" and "august 17 1800" and "M"</marc:subfield>
	</marc:datafield>
	<marc:datafield ind1=" " ind2=" " tag="500">
		<marc:subfield code="a">There is only a small piece of p. 15 left and it's detached from the book and placed between p. 14 and p. 17. </marc:subfield>
	</marc:datafield>
	<marc:datafield ind1="4" ind2=" " tag="510">
		<marc:subfield code="a">ESTC (RLIN)</marc:subfield>
		<marc:subfield code="c">W22056</marc:subfield>
	</marc:datafield>
	<marc:datafield ind1="4" ind2=" " tag="510">
		<marc:subfield code="a">Evans</marc:subfield>
		<marc:subfield code="c">29525</marc:subfield>
	</marc:datafield>
	<marc:datafield ind1="4" ind2=" " tag="510">
		<marc:subfield code="a">Welch, D.A.  Amer. children's books,</marc:subfield>
		<marc:subfield code="c">1219</marc:subfield>
	</marc:datafield>
	<marc:datafield ind1=" " ind2=" " tag="520">
		<marc:subfield code="a">Preface</marc:subfield>
		<marc:subfield code="b">Preface.</marc:subfield>
		<marc:subfield code="c">Front</marc:subfield>
		<marc:subfield code="v">v.1</marc:subfield>
		<marc:subfield code="x">First sentence: "So numerous and so excellent are the books which have been written for the use of Children and Young Persons, within a very few years, that, on the great duties of life, nothing can, perhaps, be added, which is either new, or which can be addressed to them in any new form."; Signed: "Charlotte Smith."</marc:subfield>
	</marc:datafield>	
	<marc:datafield ind1=" " ind2=" " tag="520">
		<marc:subfield code="a">Introduction</marc:subfield>
		<marc:subfield code="b">Introduction.</marc:subfield>
		<marc:subfield code="c">Front</marc:subfield>
		<marc:subfield code="v">v.1</marc:subfield>
		<marc:subfield code="x">First sentence: "At the distance of sixty miles from London, and in a small village, Mrs. Woodfield had chosen the retirement which her circumstances rendered nescessary."</marc:subfield>
	</marc:datafield>	
	<marc:datafield ind1=" " ind2=" " tag="520">
		<marc:subfield code="a">Table of contents</marc:subfield>
		<marc:subfield code="b">Contents.</marc:subfield>
		<marc:subfield code="c">Front</marc:subfield>
		<marc:subfield code="v">v.1</marc:subfield>
	</marc:datafield>
	<marc:datafield ind1=" " ind2=" " tag="520">
		<marc:subfield code="a">Poem</marc:subfield>
		<marc:subfield code="b">Drayton's Sixth Sonnet.</marc:subfield>
		<marc:subfield code="c">Middle</marc:subfield>
		<marc:subfield code="v">v.1</marc:subfield>
		<marc:subfield code="x">Located on pg. 65. First line of sonnet: "How many foolish, paltry, painted things,"</marc:subfield>
	</marc:datafield>	
	<marc:datafield ind1=" " ind2=" " tag="520">
		<marc:subfield code="a">Colophon</marc:subfield>
		<marc:subfield code="b">Wrigley and Berriman, printers, no. 149, Chesnut Street.</marc:subfield>
		<marc:subfield code="c">Back</marc:subfield>
		<marc:subfield code="v">v.1</marc:subfield>
	</marc:datafield>	
	<marc:datafield ind1=" " ind2=" " tag="520">
		<marc:subfield code="a">Colophon</marc:subfield>
		<marc:subfield code="b">Wrigley and Berriman, printers, no. 149, Chesnut Street.</marc:subfield>
		<marc:subfield code="c">Back</marc:subfield>
		<marc:subfield code="v">v.2</marc:subfield>
	</marc:datafield>	
	<marc:datafield ind1=" " ind2=" " tag="520">
		<marc:subfield code="a">Footnotes</marc:subfield>
		<marc:subfield code="c">Middle</marc:subfield>
		<marc:subfield code="v">v.1</marc:subfield>
		<marc:subfield code="x">p. 30, 31, 79, 96</marc:subfield>
	</marc:datafield>
	<marc:datafield ind1=" " ind2=" " tag="520">
		<marc:subfield code="a">Footnotes</marc:subfield>
		<marc:subfield code="c">Middle</marc:subfield>
		<marc:subfield code="v">v.2</marc:subfield>
		<marc:subfield code="x">p. 108, 112, 117, 164, 195</marc:subfield>
	</marc:datafield>
	<marc:datafield ind1=" " ind2=" " tag="592">
		<marc:subfield code="a">Dramatic dialogue</marc:subfield>
	</marc:datafield>
	<marc:datafield ind1=" " ind2=" " tag="594">
		<marc:subfield code="a">Mary Boulton august 17 1800</marc:subfield>
		<marc:subfield code="b">Ink</marc:subfield>
		<marc:subfield code="x">Front free endpaper (recto)</marc:subfield>
	</marc:datafield>	
	<marc:datafield ind1=" " ind2=" " tag="594">
		<marc:subfield code="a">Ink</marc:subfield>
		<marc:subfield code="b">Words</marc:subfield>
		<marc:subfield code="x">Letters 'M' and 'H', and struck out 'aug' on front free endpaper (recto).</marc:subfield>
	</marc:datafield>
	<marc:datafield ind1=" " ind2=" " tag="594">
		<marc:subfield code="a">Ink</marc:subfield>
		<marc:subfield code="b">Words</marc:subfield>
		<marc:subfield code="x">Indecipherable, partially smudged ink on front free endpaper (verso): "Ma...189"</marc:subfield>
	</marc:datafield>
	<marc:datafield ind1=" " ind2="4" tag="650">
		<marc:subfield code="a">CHR 1795</marc:subfield>
	</marc:datafield>
	<marc:datafield ind1=" " ind2="7" tag="655">
		<marc:subfield code="a">Booksellers' advertisements</marc:subfield>
		<marc:subfield code="z">Pennsylvania</marc:subfield>
		<marc:subfield code="y">18th century</marc:subfield>
		<marc:subfield code="2">rbgenr</marc:subfield>
	</marc:datafield>
	<marc:datafield ind1=" " ind2="7" tag="655">
		<marc:subfield code="a">Dialogues.</marc:subfield>
		<marc:subfield code="2">rbgenr</marc:subfield>
	</marc:datafield>
	<marc:datafield ind1=" " ind2=" " tag="656">
		<marc:subfield code="a">Mixed Genre</marc:subfield>
		<marc:subfield code="b">Back</marc:subfield>
		<marc:subfield code="c">Same publisher</marc:subfield>
		<marc:subfield code="v">v.2</marc:subfield>
		<marc:subfield code="x">Title: "Books, stationary, music prints, oil paintings, drawing books, and fancy articles, wholesale and retail, by Thomas Stephens: who has for the greater convenience of conducting his business extenstivey, removed from 57 No. 60, south second-street, on the west side; where he has received by the last arrivas, an extensive colection of usefu books, and the best staionary: also, a variety of new music, Bunbury's curious caricatures, prints, oil paintings, drawing books, &amp;c &amp;c. all which he will sell as usua, for small profit."</marc:subfield>
	</marc:datafield>
	<marc:datafield ind1=" " ind2=" " tag="700">
		<marc:subfield code="a">Smith, Charlotte</marc:subfield>
		<marc:subfield code="d">1749-1806</marc:subfield>
		<marc:subfield code="4">Author (text)</marc:subfield>
		<marc:subfield code="5">Authorized</marc:subfield>
	</marc:datafield>	
	<marc:datafield ind1=" " ind2=" " tag="700">
		<marc:subfield code="a">Thackara, James</marc:subfield>
		<marc:subfield code="d">1767-1848</marc:subfield>
		<marc:subfield code="4">Author (illustration)</marc:subfield>
		<marc:subfield code="5">Authorized</marc:subfield>
	</marc:datafield>
	<marc:datafield ind1=" " ind2=" " tag="700">
		<marc:subfield code="a">Stephens, Thomas</marc:subfield>
		<marc:subfield code="4">Sold by</marc:subfield>
		<marc:subfield code="5">Authorized</marc:subfield>
	</marc:datafield>
	<marc:datafield ind1=" " ind2=" " tag="700">
		<marc:subfield code="a">Wrigley, Francis</marc:subfield>
		<marc:subfield code="d">1743?-1829</marc:subfield>
		<marc:subfield code="4">Printed by</marc:subfield>
		<marc:subfield code="5">Authorized</marc:subfield>
	</marc:datafield>
	<marc:datafield ind1=" " ind2=" " tag="700">
		<marc:subfield code="a">Berriman, Jacob R.</marc:subfield>
		<marc:subfield code="4">Printed by</marc:subfield>
		<marc:subfield code="5">Authorized</marc:subfield>
	</marc:datafield>
	<marc:datafield ind1=" " ind2=" " tag="700">
		<marc:subfield code="a">Mary Boulton</marc:subfield>
		<marc:subfield code="4">Inscribed by</marc:subfield>
		<marc:subfield code="5">Unauthorized</marc:subfield>
	</marc:datafield>
	<marc:datafield ind1=" " ind2=" " tag="710">
		<marc:subfield code="a">Wrigley &amp; Berriman</marc:subfield>
		<marc:subfield code="4">Printed by</marc:subfield>
		<marc:subfield code="5">Authorized</marc:subfield>
	</marc:datafield>
	<marc:datafield ind1="2" ind2=" " tag="710">
		<marc:subfield code="a">Collection of British and American Fiction, 1660-1830 (University of Pennsylvania)</marc:subfield>
		<marc:subfield code="5">PU</marc:subfield>
	</marc:datafield>
	<marc:datafield ind1="2" ind2=" " tag="710">
		<marc:subfield code="a">Early Novels</marc:subfield>
		<marc:subfield code="5">University of Pennsylvania</marc:subfield>
	</marc:datafield>
	<marc:datafield ind1=" " ind2=" " tag="950">
		<marc:subfield code="l">RBC</marc:subfield>
		<marc:subfield code="i">10/31/88 C</marc:subfield>
	</marc:datafield>
	<marc:datafield ind1=" " ind2=" " tag="955">
		<marc:subfield code="l">RBC</marc:subfield>
		<marc:subfield code="c">1</marc:subfield>
		<marc:subfield code="q">417210</marc:subfield>
		<marc:subfield code="i">10/31/88 C</marc:subfield>
	</marc:datafield>
	<marc:datafield ind1=" " ind2=" " tag="989">
		<marc:subfield code="2">Walk</marc:subfield>
		<marc:subfield code="2">Dialogue</marc:subfield>
        <marc:subfield code="2">Use</marc:subfield>
        <marc:subfield code="2">Person</marc:subfield>
		<marc:subfield code="2">Volume</marc:subfield>
		<marc:subfield code="3">Rural</marc:subfield>
		<marc:subfield code="3">Young</marc:subfield>
		<marc:subfield code="3">Two</marc:subfield>
		<marc:subfield code="3">One</marc:subfield>
		<marc:subfield code="5">Charlotte Smith</marc:subfield>
		<marc:subfield code="6">Intend</marc:subfield>
	</marc:datafield>
	<marc:datafield ind1=" " ind2=" " tag="999">
		<marc:subfield code="a">AS</marc:subfield>
		<marc:subfield code="b">6/11/18</marc:subfield>
		<marc:subfield code="c">University of Pennsylvania</marc:subfield>
		<marc:subfield code="d">IC</marc:subfield>
	</marc:datafield>
</marc:record>