
<marc:record>
	<marc:leader>01601cam a2200409 a 4500</marc:leader>
	<marc:controlfield tag="005">20141119180044.0</marc:controlfield>
	<marc:controlfield tag="008">861013s1795    enk           00000 eng d</marc:controlfield>
	<marc:controlfield tag="001">991064203503681</marc:controlfield>
	<marc:datafield ind1=" " ind2=" " tag="035">
		<marc:subfield code="a">(OCoLC)ocm17380800</marc:subfield>
	</marc:datafield>
	<marc:datafield ind1=" " ind2=" " tag="035">
		<marc:subfield code="a">(OCoLC)17380800</marc:subfield>
	</marc:datafield>
	<marc:datafield ind1=" " ind2=" " tag="035">
		<marc:subfield code="a">(CStRLIN)PAUG86-B44149</marc:subfield>
	</marc:datafield>
	<marc:datafield ind1=" " ind2=" " tag="035">
		<marc:subfield code="a">(CaOTULAS)146815799</marc:subfield>
	</marc:datafield>
	<marc:datafield ind1=" " ind2=" " tag="035">
		<marc:subfield code="9">AAQ1383</marc:subfield>
	</marc:datafield>
	<marc:datafield ind1=" " ind2=" " tag="035">
		<marc:subfield code="a">106420</marc:subfield>
	</marc:datafield>
	<marc:datafield ind1=" " ind2=" " tag="035">
		<marc:subfield code="a">(PU)106420-penndb-Voyager</marc:subfield>
	</marc:datafield>
	<marc:datafield ind1=" " ind2=" " tag="035">
		<marc:subfield code="a">(PennHoldings)129665</marc:subfield>
	</marc:datafield>
	<marc:datafield ind1=" " ind2=" " tag="040">
		<marc:subfield code="a">PU</marc:subfield>
		<marc:subfield code="c">PU</marc:subfield>
	</marc:datafield>
	<marc:datafield ind1=" " ind2=" " tag="090">
		<marc:subfield code="a">PR4161.B58</marc:subfield>
		<marc:subfield code="b">M39 1795</marc:subfield>
		<marc:subfield code="i">10/17/86 CT</marc:subfield>
	</marc:datafield>
	<marc:datafield ind1="1" ind2=" " tag="100">
		<marc:subfield code="a">Brewer, George,</marc:subfield>
		<marc:subfield code="d">b. 1766.</marc:subfield>
	</marc:datafield>
	<marc:datafield ind1="1" ind2="0" tag="245">
		<marc:subfield code="a">Maxims of gallantry, or, The history of Count de Verney /</marc:subfield>
		<marc:subfield code="c">by G---e B----r.</marc:subfield>
	</marc:datafield>
	<marc:datafield ind1=" " ind2=" " tag="246">
		<marc:subfield code="a">Maxims of gallantry, or the history of the Count de Verney. By G---E B---R.</marc:subfield>
		<marc:subfield code="d">Letter-press</marc:subfield>
		<marc:subfield code="g">Full</marc:subfield>
		<marc:subfield code="x">Work</marc:subfield>
	</marc:datafield>
	<marc:datafield ind1="0" ind2="7" tag="246">
		<marc:subfield code="a">Maxims of gallantry.</marc:subfield>
	</marc:datafield>
	<marc:datafield ind1="0" ind2="7" tag="246">
		<marc:subfield code="a">Maxims of gallantry. (verso)</marc:subfield>
		<marc:subfield code="a">Maxims of gallantry. (recto)</marc:subfield>
	</marc:datafield>
	<marc:datafield ind1=" " ind2=" " tag="260">
		<marc:subfield code="a">London</marc:subfield>
		<marc:subfield code="b">Printed for the author, and sold by J. Parsons, no. 21, Paternoster Row.</marc:subfield>
		<marc:subfield code="c">1793</marc:subfield>
		<marc:subfield code="c">1793.</marc:subfield>
		<marc:subfield code="x">"[Price Five Shillings.]"</marc:subfield>
	</marc:datafield>
	<marc:datafield ind1=" " ind2=" " tag="300">
		<marc:subfield code="a">xv, [1], 198, [2] p., [1] leaf of plates :</marc:subfield>
		<marc:subfield code="c">24 cm. (8vo)</marc:subfield>
		<marc:subfield code="c">Octavo</marc:subfield>
	</marc:datafield>
	<marc:datafield ind1=" " ind2=" " tag="500">
		<marc:subfield code="a">Novel.</marc:subfield>
	</marc:datafield>
	<marc:datafield ind1=" " ind2=" " tag="500">
		<marc:subfield code="a">G---E B---R is George Brewer.  Cf. Halkett &amp; Laing (2nd ed.); Allibone, p. 243.</marc:subfield>
	</marc:datafield>
	<marc:datafield ind1=" " ind2=" " tag="500">
		<marc:subfield code="a">Sticker on front pastedown endpaper: "The Edwin Forrest Home, Philadelphia, PA. Section 14, Shelf 1"</marc:subfield>
	</marc:datafield>
	<marc:datafield ind1="4" ind2=" " tag="510">
		<marc:subfield code="a">ESTC (RLIN)</marc:subfield>
		<marc:subfield code="c">N4360</marc:subfield>
	</marc:datafield>
	<marc:datafield ind1="4" ind2=" " tag="510">
		<marc:subfield code="a">English novel, 1770-1829,</marc:subfield>
		<marc:subfield code="c">1793:15</marc:subfield>
	</marc:datafield>
	<marc:datafield ind1="4" ind2=" " tag="510">
		<marc:subfield code="a">Halkett &amp; Laing (2nd ed.)</marc:subfield>
		<marc:subfield code="c">v.4, p.36</marc:subfield>
	</marc:datafield>
	<marc:datafield ind1=" " ind2=" " tag="520">
		<marc:subfield code="a">Preface</marc:subfield>
		<marc:subfield code="b">Preface.</marc:subfield>
		<marc:subfield code="c">Front</marc:subfield>
		<marc:subfield code="x">Transcription of first sentence: The introduction of a work into the world under such a title as "Maxims of Gallantry," may, perhaps, stand in need of some explanation or apology.</marc:subfield>
	</marc:datafield>
	<marc:datafield ind1=" " ind2=" " tag="520">
		<marc:subfield code="a">Introduction</marc:subfield>
		<marc:subfield code="b">Introduction.</marc:subfield>
		<marc:subfield code="c">Front</marc:subfield>
		<marc:subfield code="x">Transcription of first sentence: Were all minds possessed of philosophy, or a fondness for metaphysical inquiry, the above laws of nature would be sufficient to shew that inclination of the sexes, one for the other, and the desire of living in society were not merely meant as laws to enforce the purposes of propagation, but to attract and direct the heart to the sweetest and most delightful of human pleasures, society, love, and friendship.</marc:subfield>
	</marc:datafield>
	<marc:datafield ind1=" " ind2=" " tag="520">
		<marc:subfield code="a">Errata</marc:subfield>
		<marc:subfield code="b">Errata.</marc:subfield>
		<marc:subfield code="c">Back</marc:subfield>
		<marc:subfield code="c">List of errors and the page numbers they occur in.</marc:subfield>
	</marc:datafield>
	<marc:datafield ind1=" " ind2=" " tag="590">
		<marc:subfield code="a">Copy 2 imperfect: frontispiece wanting.</marc:subfield>
	</marc:datafield>
	<marc:datafield ind1=" " ind2=" " tag="591">
		<marc:subfield code="a">"Liquida voluptas et libera." "Pure pleasure unalloyed with pain."</marc:subfield>
		<marc:subfield code="2">Cicero</marc:subfield>
		<marc:subfield code="c">Marcus Tullius Cicero</marc:subfield>
		<marc:subfield code="x">Epigraph translated in book; second line translation of first.</marc:subfield>
	</marc:datafield>	
	<marc:datafield tag="591" ind1=" " ind2=" ">
        <marc:subfield code="a">"La piex est la premiere loi naturelle, celle de chercher a se nourrir est la seconde. La priere naturelle des deus dexes pour l'un et l'autre est la trosieme. La defir de vivre en societe est la quatrieme."</marc:subfield>
        <marc:subfield code="2">Montesquieu</marc:subfield>
        <marc:subfield code="b">The Spirit of Laws</marc:subfield>            
        <marc:subfield code="c">Montesquieu</marc:subfield>            
        <marc:subfield code="d">Peace is the first law of nature. That of seeking for nourishment is the second of those laws. The inclination of the sexes for each other is the third. The desire of living in society is the fourth law of nature.</marc:subfield>
        <marc:subfield code="x">Epigraph translated in book. Epigraph in introduction.</marc:subfield>
    </marc:datafield>
	<marc:datafield ind1=" " ind2=" " tag="591">
		<marc:subfield code="a">"A man of pleasure, though not always so scrupulous as he should be, and as one day he will wish he had been, refines at least his pleasures by taste, accompanies them with decency, and enjoys them with dignity."</marc:subfield>
		<marc:subfield code="2">Lord Chesterfield</marc:subfield>
		<marc:subfield code="b">Letters to his son on the art of becoming a man of the world and a gentleman</marc:subfield>
		<marc:subfield code="c">Philip Stanhope, Earl of Chesterfield</marc:subfield>
	</marc:datafield>
	<marc:datafield ind1=" " ind2=" " tag="592">
		<marc:subfield code="a">Third-person</marc:subfield>
	</marc:datafield>
	<marc:datafield tag="595" ind1=" " ind2=" ">
        <marc:subfield code="a">Pencil</marc:subfield>
        <marc:subfield code="b">Reader markings</marc:subfield>
        <marc:subfield code="x">On p. 52.</marc:subfield>
	</marc:datafield>
	<marc:datafield ind1=" " ind2="4" tag="650">
		<marc:subfield code="a">CHR 1795</marc:subfield>
	</marc:datafield>
	<marc:datafield ind1=" " ind2="4" tag="650">
		<marc:subfield code="a">PRO Singer, Jacob (donor)</marc:subfield>
	</marc:datafield>
	<marc:datafield ind1=" " ind2="4" tag="650">
		<marc:subfield code="a">PRO Singer, Leah (donor)</marc:subfield>
	</marc:datafield>
	<marc:datafield ind1=" " ind2="4" tag="650">
		<marc:subfield code="a">PRO Singer, Godfrey F. (honoree)</marc:subfield>
	</marc:datafield>
	<marc:datafield ind1=" " ind2="4" tag="650">
		<marc:subfield code="a">PRO Forrest, Edwin, Estate of (Donor) (Copy 2)</marc:subfield>
	</marc:datafield>
	<marc:datafield ind1=" " ind2=" " tag="700">
		<marc:subfield code="a">Brewer, George</marc:subfield>
		<marc:subfield code="d">1766-</marc:subfield>
		<marc:subfield code="4">Author (text)</marc:subfield>
		<marc:subfield code="5">Authorized</marc:subfield>
	</marc:datafield>
	<marc:datafield ind1=" " ind2=" " tag="700">
		<marc:subfield code="a">Cicero, Marcus Tullius</marc:subfield>
		<marc:subfield code="4">Author (epigraph)</marc:subfield>
		<marc:subfield code="5">Authorized</marc:subfield>
	</marc:datafield>
	<marc:datafield ind1=" " ind2=" " tag="700">
		<marc:subfield code="a">Chesterfield, Philip Dormer Stanhope Earl of</marc:subfield>
		<marc:subfield code="d">1694-1773</marc:subfield>
		<marc:subfield code="4">Author (epigraph)</marc:subfield>
		<marc:subfield code="5">Authorized</marc:subfield>
	</marc:datafield>
	<marc:datafield ind1=" " ind2=" " tag="700">
		<marc:subfield code="a">Montesquieu, Charles de Secondat, baron de</marc:subfield>
		<marc:subfield code="d">1689-1755</marc:subfield>
		<marc:subfield code="4">Author (epigraph)</marc:subfield>
		<marc:subfield code="5">Authorized</marc:subfield>
	</marc:datafield>
	<marc:datafield ind1=" " ind2=" " tag="700">
		<marc:subfield code="a">Parsons, John</marc:subfield>
		<marc:subfield code="4">Sold by</marc:subfield>
		<marc:subfield code="5">Authorized</marc:subfield>
	</marc:datafield>
	<marc:datafield ind1="2" ind2=" " tag="710">
		<marc:subfield code="a">Collection of British and American Fiction, 1660-1830 (University of Pennsylvania)</marc:subfield>
		<marc:subfield code="5">PU</marc:subfield>
	</marc:datafield>
	<marc:datafield ind1="2" ind2=" " tag="710">
		<marc:subfield code="a">Early Novels</marc:subfield>
		<marc:subfield code="5">University of Pennsylvania</marc:subfield>
	</marc:datafield>
	<marc:datafield ind1="0" ind2=" " tag="740">
		<marc:subfield code="a">History of Count de Verney.</marc:subfield>
	</marc:datafield>
	<marc:datafield ind1=" " ind2=" " tag="752">
		<marc:subfield code="a">England</marc:subfield>
		<marc:subfield code="d">London</marc:subfield>
	</marc:datafield>
	<marc:datafield ind1=" " ind2=" " tag="950">
		<marc:subfield code="l">RBC</marc:subfield>
		<marc:subfield code="e">\\Singer-\Menden-\hall\</marc:subfield>
		<marc:subfield code="i">10/17/86 C</marc:subfield>
	</marc:datafield>
	<marc:datafield ind1=" " ind2=" " tag="955">
		<marc:subfield code="l">RBC</marc:subfield>
		<marc:subfield code="c">1</marc:subfield>
		<marc:subfield code="q">725862</marc:subfield>
		<marc:subfield code="q">g. Mr. and Mrs. Jacob Singer</marc:subfield>
		<marc:subfield code="i">10/17/86 C</marc:subfield>
	</marc:datafield>
	<marc:datafield ind1=" " ind2=" " tag="989">
		<marc:subfield code="2">Maxim</marc:subfield>
		<marc:subfield code="2">Gallantry</marc:subfield>
		<marc:subfield code="2">History</marc:subfield>
		<marc:subfield code="2">Count</marc:subfield>
		<marc:subfield code="5">Verney</marc:subfield>
	</marc:datafield>
	<marc:datafield ind1=" " ind2=" " tag="999">
		<marc:subfield code="a">AS</marc:subfield>
		<marc:subfield code="b">6/20/18</marc:subfield>
		<marc:subfield code="c">University of Pennsylvania</marc:subfield>
		<marc:subfield code="d">IC</marc:subfield>
	</marc:datafield>
</marc:record>