
<marc:record>
	<marc:leader>01197cam a2200325 a 4500</marc:leader>
	<marc:controlfield tag="005">20141119180138.0</marc:controlfield>
	<marc:controlfield tag="008">861014s1795    enk           00000 eng d</marc:controlfield>
	<marc:controlfield tag="001">991065733503681</marc:controlfield>
	<marc:datafield ind1=" " ind2=" " tag="035">
		<marc:subfield code="a">(OCoLC)ocm17381245</marc:subfield>
	</marc:datafield>
	<marc:datafield ind1=" " ind2=" " tag="035">
		<marc:subfield code="a">(OCoLC)17381245</marc:subfield>
	</marc:datafield>
	<marc:datafield ind1=" " ind2=" " tag="035">
		<marc:subfield code="a">(CStRLIN)PAUG86-B44398</marc:subfield>
	</marc:datafield>
	<marc:datafield ind1=" " ind2=" " tag="035">
		<marc:subfield code="a">(CaOTULAS)146816358</marc:subfield>
	</marc:datafield>
	<marc:datafield ind1=" " ind2=" " tag="035">
		<marc:subfield code="9">AAQ1538</marc:subfield>
	</marc:datafield>
	<marc:datafield ind1=" " ind2=" " tag="035">
		<marc:subfield code="a">106573</marc:subfield>
	</marc:datafield>
	<marc:datafield ind1=" " ind2=" " tag="035">
		<marc:subfield code="a">(PU)106573-penndb-Voyager</marc:subfield>
	</marc:datafield>
	<marc:datafield ind1=" " ind2=" " tag="035">
		<marc:subfield code="a">(PennHoldings)129833</marc:subfield>
	</marc:datafield>
	<marc:datafield ind1=" " ind2=" " tag="040">
		<marc:subfield code="a">PU</marc:subfield>
		<marc:subfield code="c">PU</marc:subfield>
	</marc:datafield>
	<marc:datafield ind1=" " ind2=" " tag="090">
		<marc:subfield code="a">PR3991.A1</marc:subfield>
		<marc:subfield code="b">M662 1795</marc:subfield>
		<marc:subfield code="i">10/16/86 CT</marc:subfield>
	</marc:datafield>
	<marc:datafield ind1="0" ind2="0" tag="245">
		<marc:subfield code="a">Montford Castle, or, The knight of the white rose :</marc:subfield>
		<marc:subfield code="b">an historical romance of the eleventh century : in two volumes.</marc:subfield>
	</marc:datafield>
	<marc:datafield ind1=" " ind2=" " tag="246">
		<marc:subfield code="a">Montford Castle; or the knight of the white rose. An historical romance of the eleventh century. In two volumes.---Vol. 1</marc:subfield>
		<marc:subfield code="d">Letter-press</marc:subfield>
		<marc:subfield code="g">Full</marc:subfield>
		<marc:subfield code="v">v.1</marc:subfield>
		<marc:subfield code="x">Volume</marc:subfield>
	</marc:datafield>
	<marc:datafield ind1=" " ind2=" " tag="246">
		<marc:subfield code="a">Montford Castle; or the knight of the white rose. An historical romance of the eleventh century. In two volumes.---Vol. 2</marc:subfield>
		<marc:subfield code="d">Letter-press</marc:subfield>
		<marc:subfield code="g">Full</marc:subfield>	
		<marc:subfield code="v">v.2</marc:subfield>
		<marc:subfield code="x">Volume</marc:subfield>
	</marc:datafield>
	<marc:datafield ind1="0" ind2="7" tag="246">
		<marc:subfield code="a">Montford Castle.</marc:subfield>
		<marc:subfield code="v">v.1</marc:subfield>
		<marc:subfield code="v">v.2</marc:subfield>
	</marc:datafield>
	<marc:datafield ind1="0" ind2="7" tag="246">
		<marc:subfield code="a">Montford Castle. (recto)</marc:subfield>
		<marc:subfield code="a">Montford Castle. (verso)</marc:subfield>
		<marc:subfield code="v">v.1</marc:subfield>
		<marc:subfield code="v">v.2</marc:subfield>
	</marc:datafield>
	<marc:datafield ind1=" " ind2=" " tag="260">
		<marc:subfield code="a">London</marc:subfield>
		<marc:subfield code="b">Printed for B. Crosby, No. 4, Stationers' Court, Ludgate Street.</marc:subfield>
		<marc:subfield code="c">[1795]</marc:subfield>
	</marc:datafield>
	<marc:datafield ind1=" " ind2=" " tag="300">
		<marc:subfield code="a">2 v. ;</marc:subfield>
		<marc:subfield code="c">18 cm. (12mo)</marc:subfield>
		<marc:subfield code="x">Duodecimo</marc:subfield>
		<marc:subfield code="z">In two volumes</marc:subfield>
	</marc:datafield>
	<marc:datafield ind1=" " ind2=" " tag="500">
		<marc:subfield code="a">Dedication dated: May 4th, 1795.</marc:subfield>
	</marc:datafield>
	<marc:datafield ind1=" " ind2=" " tag="500">
		<marc:subfield code="a">Red bookplate on front paste-down endpaper: "Bound by C. Kalthoeber. London"</marc:subfield>
	</marc:datafield>
	<marc:datafield ind1=" " ind2=" " tag="500">
		<marc:subfield code="a">Red ribbon bookmark in both volumes.</marc:subfield>
	</marc:datafield>
	<marc:datafield ind1="4" ind2=" " tag="510">
		<marc:subfield code="a">ESTC (RLIN)</marc:subfield>
		<marc:subfield code="c">T77099</marc:subfield>
	</marc:datafield>
	<marc:datafield ind1="4" ind2=" " tag="510">
		<marc:subfield code="a">English novel, 1770-1829,</marc:subfield>
		<marc:subfield code="c">1795:7</marc:subfield>
	</marc:datafield>
	<marc:datafield ind1="4" ind2=" " tag="510">
		<marc:subfield code="a">Block, A.  Engl. novel, p. 164.</marc:subfield>
	</marc:datafield>
	<marc:datafield ind1=" " ind2=" " tag="520">
		<marc:subfield code="a">Dedication</marc:subfield>
		<marc:subfield code="b">"To her Royal Highness the Princess of Wales."</marc:subfield>
		<marc:subfield code="c">Front</marc:subfield>
		<marc:subfield code="v">v.1</marc:subfield>
		<marc:subfield code="x">Transcription of first sentence: "In dedicating the following work to your Royal Highness, I find every satisfaction which can result from an offering of the kind."; Signed: "Your Royal Highness's Most Obedient, Most Humble Servant, The Author."; Dated: "London, May 4th, 1795."</marc:subfield>
	</marc:datafield>
	<marc:datafield ind1=" " ind2=" " tag="591">
		<marc:subfield code="a">"Sperat infestis, metuit secundis, alteram sortem bene preparatum pectus. Informes Hyemes reducit Jupiter: idem summovet: Non, si male nunc, et olim sic erit."</marc:subfield>
		<marc:subfield code="2">Hor.</marc:subfield>
		<marc:subfield code="b">The Odes</marc:subfield>
		<marc:subfield code="c">Horace</marc:subfield>
		<marc:subfield code="d">"A well-provided breast hopes in adversity, and fears in prosperity. 'Tis the same Jupiter, that brings the hideous winters back, and that takes them away. If it is ill with us now, it will not be so hereafter."</marc:subfield>
		<marc:subfield code="v">v.1</marc:subfield>
		<marc:subfield code="v">v.2</marc:subfield>
		<marc:subfield code="x">English translation from "The Works of Horace translated literally into English prose" By C. Smart, A.M.</marc:subfield>
	</marc:datafield>
	<marc:datafield ind1=" " ind2=" " tag="592">
		<marc:subfield code="a">Third person</marc:subfield>
	</marc:datafield>
	<marc:datafield tag="599" ind1=" " ind2=" ">
        <marc:subfield code="a">Author (paratext)</marc:subfield>
        <marc:subfield code="b">Generic/Descriptive</marc:subfield>
        <marc:subfield code="2">Your Royal Highness's Most Obedient, Most Humble Servant, The Author</marc:subfield>
        <marc:subfield code="3">Dedication</marc:subfield>
        <marc:subfield code="5">Indeterminate</marc:subfield>
		<marc:subfield code="6">Unknown</marc:subfield>
        <marc:subfield code="v">v.1</marc:subfield>
    </marc:datafield> 
    <marc:datafield tag="599" ind1=" " ind2=" ">
        <marc:subfield code="a">Author (text)</marc:subfield>
        <marc:subfield code="b">Generic/Descriptive</marc:subfield>
        <marc:subfield code="2">Your Royal Highness's Most Obedient, Most Humble Servant, The Author</marc:subfield>
        <marc:subfield code="3">Dedication</marc:subfield>
        <marc:subfield code="5">Indeterminate</marc:subfield>
		<marc:subfield code="6">Unknown</marc:subfield>
        <marc:subfield code="v">v.1</marc:subfield>
    </marc:datafield>
	<marc:datafield ind1=" " ind2="4" tag="650">
		<marc:subfield code="a">CHR 1795</marc:subfield>
	</marc:datafield>
	<marc:datafield ind1=" " ind2="4" tag="650">
		<marc:subfield code="a">PRO Mendenhall, John C. (Donor)</marc:subfield>
	</marc:datafield>
	<marc:datafield ind1=" " ind2=" " tag="700">
		<marc:subfield code="a">Kalthoeber, Christian Samuel</marc:subfield>
		<marc:subfield code="d">active 1780-1817</marc:subfield>
		<marc:subfield code="4">Bound by</marc:subfield>
		<marc:subfield code="5">Authorized</marc:subfield>
	</marc:datafield>
	<marc:datafield ind1=" " ind2=" " tag="700">
		<marc:subfield code="a">Crosby, Benjamin</marc:subfield>
		<marc:subfield code="d">17..-18..</marc:subfield>
		<marc:subfield code="4">Printed for</marc:subfield>
		<marc:subfield code="5">Authorized</marc:subfield>
	</marc:datafield>
	<marc:datafield ind1="2" ind2=" " tag="710">
		<marc:subfield code="a">Collection of British and American Fiction, 1660-1830 (University of Pennsylvania)</marc:subfield>
		<marc:subfield code="5">PU</marc:subfield>
	</marc:datafield>
	<marc:datafield ind1="2" ind2=" " tag="710">
		<marc:subfield code="a">Early Novels Database</marc:subfield>
		<marc:subfield code="5">University of Pennsylvania</marc:subfield>
	</marc:datafield>
	<marc:datafield ind1="0" ind2="2" tag="740">
		<marc:subfield code="a">Knight of the white rose.</marc:subfield>
	</marc:datafield>
	<marc:datafield ind1=" " ind2=" " tag="752">
		<marc:subfield code="a">England</marc:subfield>
		<marc:subfield code="d">London.</marc:subfield>
	</marc:datafield>
	<marc:datafield ind1=" " ind2=" " tag="950">
		<marc:subfield code="l">RBC</marc:subfield>
		<marc:subfield code="e">\\Singer-\Menden-\hall\</marc:subfield>
		<marc:subfield code="v">2 v.</marc:subfield>
		<marc:subfield code="i">10/16/86 C</marc:subfield>
	</marc:datafield>
	<marc:datafield ind1=" " ind2=" " tag="955">
		<marc:subfield code="l">RBC</marc:subfield>
		<marc:subfield code="c">1:(v.1-2)</marc:subfield>
		<marc:subfield code="q">50-1045</marc:subfield>
		<marc:subfield code="q">g. Dr. John C. Mendenhall</marc:subfield>
		<marc:subfield code="i">10/16/86 C</marc:subfield>
	</marc:datafield>
	<marc:datafield ind1=" " ind2=" " tag="989">
		<marc:subfield code="5">Montford</marc:subfield>
		<marc:subfield code="2">Castle</marc:subfield>
		<marc:subfield code="2">Knight</marc:subfield>
		<marc:subfield code="3">White</marc:subfield>
		<marc:subfield code="2">Rose</marc:subfield>
		<marc:subfield code="3">Histori cal</marc:subfield>
		<marc:subfield code="2">Romance</marc:subfield>
		<marc:subfield code="3">Eleventh</marc:subfield>
		<marc:subfield code="2">Century</marc:subfield>
		<marc:subfield code="3">Two</marc:subfield>
		<marc:subfield code="2">Volume</marc:subfield>
	</marc:datafield>
	<marc:datafield ind1=" " ind2=" " tag="999">
		<marc:subfield code="a">DPL</marc:subfield>
		<marc:subfield code="b">6/17/18</marc:subfield>
		<marc:subfield code="c">University of Pennsylvania</marc:subfield>
		<marc:subfield code="d">IC</marc:subfield>
	</marc:datafield>
</marc:record>