<marc:record>
	<marc:leader>01131cam a2200313 i 4500</marc:leader>
	<marc:controlfield tag="005">20141210151149.0</marc:controlfield>
	<marc:controlfield tag="008">940715s1795    enka          000 0 eng d</marc:controlfield>
	<marc:controlfield tag="001">9918299983503681</marc:controlfield>
	<marc:datafield ind1=" " ind2=" " tag="035">
		<marc:subfield code="a">(OCoLC)ocm82040443</marc:subfield>
	</marc:datafield>
	<marc:datafield ind1=" " ind2=" " tag="035">
		<marc:subfield code="a">(OCoLC)82040443</marc:subfield>
	</marc:datafield>
	<marc:datafield ind1=" " ind2=" " tag="035">
		<marc:subfield code="a">(CStRLIN)PAUGEBA5896-B</marc:subfield>
	</marc:datafield>
	<marc:datafield ind1=" " ind2=" " tag="035">
		<marc:subfield code="a">(CStRLIN)PAUGEBA5896-B</marc:subfield>
	</marc:datafield>
	<marc:datafield ind1=" " ind2=" " tag="035">
		<marc:subfield code="9">EBA5896</marc:subfield>
	</marc:datafield>
	<marc:datafield ind1=" " ind2=" " tag="035">
		<marc:subfield code="a">1829998</marc:subfield>
	</marc:datafield>
	<marc:datafield ind1=" " ind2=" " tag="035">
		<marc:subfield code="a">(PU)1829998-penndb-Voyager</marc:subfield>
	</marc:datafield>
	<marc:datafield ind1=" " ind2=" " tag="035">
		<marc:subfield code="a">(PennHoldings)2059262</marc:subfield>
	</marc:datafield>
	<marc:datafield ind1=" " ind2=" " tag="040">
		<marc:subfield code="a">PU</marc:subfield>
		<marc:subfield code="c">PU</marc:subfield>
	</marc:datafield>
	<marc:datafield ind1=" " ind2=" " tag="090">
		<marc:subfield code="f">h</marc:subfield>
		<marc:subfield code="n">\jl\</marc:subfield>
		<marc:subfield code="n">\repl: rvdm 7-30-94\</marc:subfield>
	</marc:datafield>
	<marc:datafield ind1="1" ind2="4" tag="245">
		<marc:subfield code="a">The new novelist, or, Entertaining chronicle :</marc:subfield>
		<marc:subfield code="b">containing the works of the most eminent authors, admired for their literary productions.</marc:subfield>
	</marc:datafield>

	<marc:datafield tag="246" ind1="3" ind2=" ">
        <marc:subfield code="a">The New Novelist: Or, Entertaining Chronicle. Containing the works of the most eminent authors, admired for their literary productions.</marc:subfield>
        <marc:subfield code="d">Letter-press</marc:subfield>
        <marc:subfield code="g">Full</marc:subfield>
        <marc:subfield code="x">Work</marc:subfield>
    </marc:datafield>

    <marc:datafield tag="246" ind1="0" ind2="7">
        <marc:subfield code="a">The New Novelist; Or, Entertaining Chronicle.</marc:subfield>
    </marc:datafield>
    <marc:datafield tag="246" ind1="0" ind2="7">
        <marc:subfield code="a">The New Novelist; Or, (verso)</marc:subfield>
        <marc:subfield code="a">Entertaining Chronicle. (recto)</marc:subfield>
    </marc:datafield>

	<marc:datafield ind1=" " ind2=" " tag="260">
		<marc:subfield code="a">York</marc:subfield>
		<marc:subfield code="b">Printed by and for G. Walker, Minerva Press, Coffee-Yard.</marc:subfield>
	</marc:datafield>

	<marc:datafield tag="261" ind1="0" ind2=" ">
        <marc:subfield code="b">Printed by and for G. Walker, Minerva Press, Coffee-Yard.</marc:subfield>
        <marc:subfield code="f">G. Walker</marc:subfield>
    </marc:datafield>

	<marc:datafield ind1=" " ind2=" " tag="300">
		<marc:subfield code="a">468, [2] p., [3] leaves of plates :</marc:subfield>
		<marc:subfield code="b">ill.;</marc:subfield>
		<marc:subfield code="c">21 cm.</marc:subfield>
		<marc:subfield code="x">Octavo</marc:subfield>
	</marc:datafield>

	<marc:datafield ind1=" " ind2=" " tag="500">
		<marc:subfield code="a">Printed in double columns.</marc:subfield>
	</marc:datafield>
	<marc:datafield ind1=" " ind2=" " tag="500">
		<marc:subfield code="a">Caption of Frontispiece, transcription: Frontispiece The Genius of Taste Introduced by Shillito Leeds. Minerva to the Novelist.</marc:subfield>
	</marc:datafield>
	<marc:datafield ind1=" " ind2=" " tag="500">
		<marc:subfield code="a">Caption of illustration on p.2, transcription: Mrs. Montgomery. Shillito Sculpsit Kirkgate Leeds Yorkshire. Finding the Body of her Husband.</marc:subfield>
	</marc:datafield>
    <marc:datafield tag="505" ind1=" " ind2=" ">
	    <marc:subfield code="a">Contains works: History of Mrs. Montgomery, related by herself, from the recluse of the lake, by Charlotte Smith; The dupe of love and friendship: or, the unfortunate Irishman. A moral tale.; Marian and Lydia.; The History of Etherred, King of England.; An affecting story.; The unforced repentance: a real story. By Mrs. Griffith.; The story of Ludovisio Carantani and his two daughters.; The solitary family of Normandy.; The highlanders. (From the tales of imagination.); The story of Emilia; The history of George and Charlotte. (From Fitzroy.); The history of Algitha, Princess of England.; Adventures of a bashful man.; The history of Mrs. Colville. [From generosity.]; Fanny Williams, or the victim of credulity. (From Hermione.); The history of Mr. Falkland [From Elvina.]; Sir William Sidney, or, the fortunate moment.; Serious impressions.; The contented cottager.; The sorrows of Clarinda, as related by herself. [From Iphigenia.]; A true story for the use of young ladies.; The druid, a tale. [From the tales of imagination.]; Palamon and Amasina.; The triumph of nature, or, the adventure of a journey.; An account of an Engagement between a sailor and a shark at Barbadoes, given by the Reverend Mr. Hughes, being as great an instance of disinterested friendship and personal bravery as any in recorded history.; The good wife.; Remarkable punishment for adultery.; Mr. Brightley's last sermon which he preached in his shroud, and died when he concluded it.; (Cataloger's note: Poem by Alexander Selkirk, not titled); A miser in France.; Suicide.; Suicide ridiculued.; (Cataloger's note: "instance of a dream related by the late Mr. Calcott", not titled); The shipwreck. A tale.; The story of Sir William Kyte, who set fire to his own house, and perished in the flames.; The life and character of Christina, Queen of Sweden.; The oracle: an oriental tale.; The rewards of virtue and vice. A moral tale.; The worthy soldier.; History of Kitty Wells. A true story.; Fanny Wooburn. A tale.; Thoughts on social intercourse.; The history of Mrs. Bowers.; Amedia St. Albans, or, Magnanimity rewarded. By Mrs. Rowson.; Sketch of various characters.; On the absurd compliments which people pay to parents on the likeness of children.; Passion subdued by reason. A fragment.; </marc:subfield>
	</marc:datafield>
	<marc:datafield ind1="4" ind2=" " tag="510">
		<marc:subfield code="a">ESTC (RLIN)</marc:subfield>
		<marc:subfield code="c">N70760</marc:subfield>
	</marc:datafield>

	<marc:datafield tag="592" ind1=" " ind2=" ">
        <marc:subfield code="a">First-person</marc:subfield>
		<marc:subfield code="b">Third-person</marc:subfield>
		<marc:subfield code="b">Letters</marc:subfield>
		<marc:subfield code="c">Poems</marc:subfield>
    </marc:datafield>

    <marc:datafield tag="599" ind1=" " ind2=" ">
        <marc:subfield code="a">Author(Illustration)</marc:subfield>
        <marc:subfield code="b">Proper name</marc:subfield>
        <marc:subfield code="2">Transcription: "Frontispiece the genius of taste introduced by Minerva to the novelist."; Signed: "Shillito Leeds"</marc:subfield>
        <marc:subfield code="3">Frontispiece</marc:subfield>
        <marc:subfield code="5">Indeterminate</marc:subfield>
    </marc:datafield> 
        
	<marc:datafield ind1=" " ind2="4" tag="650">
		<marc:subfield code="a">CHR 1795?</marc:subfield>
	</marc:datafield>
	<marc:datafield ind1="0" ind2="1" tag="740">
		<marc:subfield code="a">Entertaining chronicle.</marc:subfield>
	</marc:datafield>
	<marc:datafield ind1="0" ind2="1" tag="740">
		<marc:subfield code="a">New novelist.</marc:subfield>
	</marc:datafield>

	<marc:datafield tag="700" ind1=" " ind2=" ">
        <marc:subfield code="a">G. Walker</marc:subfield>
        <marc:subfield code="4">Printed by and for</marc:subfield>
        <marc:subfield code="5">Authorized</marc:subfield>
    </marc:datafield>
	<marc:datafield tag="700" ind1=" " ind2=" ">
        <marc:subfield code="a">Shillito</marc:subfield>
        <marc:subfield code="4">Author (illustration)</marc:subfield>
    	<marc:subfield code="5">Unauthorized</marc:subfield>
    </marc:datafield>

    <marc:datafield tag="710" ind1=" " ind2=" ">
        <marc:subfield code="a">Minerva Press</marc:subfield>
        <marc:subfield code="4">Printed by and for</marc:subfield>
        <marc:subfield code="5">Authorized</marc:subfield>
    </marc:datafield>         
	<marc:datafield tag="710" ind1="2" ind2=" ">
        <marc:subfield code="a">Early Novels</marc:subfield>
        <marc:subfield code="5">University of Pennsylvania</marc:subfield>
    </marc:datafield>
	<marc:datafield ind1="2" ind2=" " tag="710">
		<marc:subfield code="a">Collection of British and American Fiction, 1660-1830 (University of Pennsylvania)</marc:subfield>
		<marc:subfield code="5">PU</marc:subfield>
	</marc:datafield>

	<marc:datafield ind1=" " ind2=" " tag="950">
		<marc:subfield code="l">RBC</marc:subfield>
		<marc:subfield code="a">PR1281</marc:subfield>
		<marc:subfield code="b">.N42 1795</marc:subfield>
		<marc:subfield code="i">01/01/01 N</marc:subfield>
		<marc:subfield code="x">010</marc:subfield>
	</marc:datafield>
	<marc:datafield ind1=" " ind2=" " tag="955">
		<marc:subfield code="l">RBC</marc:subfield>
		<marc:subfield code="c">1</marc:subfield>
		<marc:subfield code="s">50-1065</marc:subfield>
		<marc:subfield code="s">g. Mendenhall</marc:subfield>
	</marc:datafield>
	<marc:datafield ind1=" " ind2=" " tag="998">
		<marc:subfield code="n">PU</marc:subfield>
		<marc:subfield code="z">BNA</marc:subfield>
	</marc:datafield>
	<marc:datafield ind1=" " ind2=" " tag="948">
		<marc:subfield code="a">jl</marc:subfield>
		<marc:subfield code="a">repl: rvdm 7-30-94</marc:subfield>
	</marc:datafield>

	 <marc:datafield tag="989" ind1=" " ind2=" "> 
        <marc:subfield code="2">Novelist</marc:subfield>
        <marc:subfield code="2">Chronicle</marc:subfield>
        <marc:subfield code="2">Author</marc:subfield>
        <marc:subfield code="2">Production</marc:subfield>
        <marc:subfield code="3">New</marc:subfield>
        <marc:subfield code="3">Entertaining</marc:subfield>
        <marc:subfield code="3">Eminent</marc:subfield>
        <marc:subfield code="3">Literary</marc:subfield>
        <marc:subfield code="6">Contain</marc:subfield>
        <marc:subfield code="6">Admire</marc:subfield>
        <marc:subfield code="8">Most</marc:subfield>
    </marc:datafield>

    <marc:datafield tag="999" ind1=" " ind2=" ">
		<marc:subfield code="a">IC</marc:subfield>
		<marc:subfield code="b">6/18/18</marc:subfield>
		<marc:subfield code="c">University of Pennsylvania</marc:subfield>
		<marc:subfield code="d">OF</marc:subfield>
	</marc:datafield>
</marc:record>