
<marc:record>
	<marc:leader>01596cam a2200385 a 4500</marc:leader>
	<marc:controlfield tag="005">20141119125254.0</marc:controlfield>
	<marc:controlfield tag="008">861106s1796    enk           00010 eng d</marc:controlfield>
	<marc:controlfield tag="001">99356223503681</marc:controlfield>
	<marc:datafield ind1=" " ind2=" " tag="035">
		<marc:subfield code="a">(OCoLC)ocn185061005</marc:subfield>
	</marc:datafield>
	<marc:datafield ind1=" " ind2=" " tag="035">
		<marc:subfield code="a">(OCoLC)185061005</marc:subfield>
	</marc:datafield>
	<marc:datafield ind1=" " ind2=" " tag="035">
		<marc:subfield code="a">(CStRLIN)PAUG86-B47398</marc:subfield>
	</marc:datafield>
	<marc:datafield ind1=" " ind2=" " tag="035">
		<marc:subfield code="a">(CaOTULAS)185141384</marc:subfield>
	</marc:datafield>
	<marc:datafield ind1=" " ind2=" " tag="035">
		<marc:subfield code="9">AAE2575</marc:subfield>
	</marc:datafield>
	<marc:datafield ind1=" " ind2=" " tag="035">
		<marc:subfield code="a">35622</marc:subfield>
	</marc:datafield>
	<marc:datafield ind1=" " ind2=" " tag="035">
		<marc:subfield code="a">(PU)35622-penndb-Voyager</marc:subfield>
	</marc:datafield>
	<marc:datafield ind1=" " ind2=" " tag="035">
		<marc:subfield code="a">(PennHoldings)45186</marc:subfield>
	</marc:datafield>
	<marc:datafield ind1=" " ind2=" " tag="040">
		<marc:subfield code="a">PU</marc:subfield>
		<marc:subfield code="c">PU</marc:subfield>
	</marc:datafield>
	<marc:datafield ind1=" " ind2=" " tag="090">
		<marc:subfield code="a">PR4779.H8</marc:subfield>
		<marc:subfield code="b">F37 1796</marc:subfield>
		<marc:subfield code="i">05/11/87 CT</marc:subfield>
		<marc:subfield code="h">11/06/86 CT</marc:subfield>
	</marc:datafield>
	<marc:datafield ind1="1" ind2=" " tag="100">
		<marc:subfield code="a">Helme, Elizabeth,</marc:subfield>
		<marc:subfield code="d">d. 1816.</marc:subfield>
	</marc:datafield>
	<marc:datafield ind1="1" ind2="4" tag="245">
		<marc:subfield code="a">The farmer of Inglewood Forest :</marc:subfield>
		<marc:subfield code="b">a novel, in four volumes /</marc:subfield>
		<marc:subfield code="c">by Elizabeth Helme.</marc:subfield>
	</marc:datafield>
	<marc:datafield ind1=" " ind2=" " tag="246">
		<marc:subfield code="a">The farmer of Inglewood Forest.</marc:subfield>
		<marc:subfield code="d">Letter-press</marc:subfield>
		<marc:subfield code="g">Half</marc:subfield>
		<marc:subfield code="x">Work</marc:subfield>
		<marc:subfield code="v">v.1</marc:subfield>
	</marc:datafield>	
	<marc:datafield ind1=" " ind2=" " tag="246">
		<marc:subfield code="a">The farmer of Inglewood Forest.</marc:subfield>
		<marc:subfield code="d">Letter-press</marc:subfield>
		<marc:subfield code="g">Half</marc:subfield>
		<marc:subfield code="x">Work</marc:subfield>	
		<marc:subfield code="v">v.2</marc:subfield>
	</marc:datafield>	
	<marc:datafield ind1=" " ind2=" " tag="246">
		<marc:subfield code="a">The farmer of Inglewood Forest.</marc:subfield>
		<marc:subfield code="d">Letter-press</marc:subfield>
		<marc:subfield code="g">Half</marc:subfield>
		<marc:subfield code="x">Work</marc:subfield>	
		<marc:subfield code="v">v.3</marc:subfield>
	</marc:datafield>	
	<marc:datafield ind1=" " ind2=" " tag="246">
		<marc:subfield code="a">The farmer of Inglewood Forest.</marc:subfield>
		<marc:subfield code="d">Letter-press</marc:subfield>
		<marc:subfield code="g">Half</marc:subfield>
		<marc:subfield code="x">Work</marc:subfield>
		<marc:subfield code="v">v.4</marc:subfield>
	</marc:datafield>
	<marc:datafield ind1=" " ind2=" " tag="246">
		<marc:subfield code="a">The farmer of Inglewood Forest, a novel. In four volumes. By Elizabeth Helme. Vol. I.</marc:subfield>
		<marc:subfield code="d">Letter-press</marc:subfield>
		<marc:subfield code="g">Full</marc:subfield>
		<marc:subfield code="x">Volume</marc:subfield>
		<marc:subfield code="v">v.1</marc:subfield>
	</marc:datafield>
	<marc:datafield ind1=" " ind2=" " tag="246">
		<marc:subfield code="a">The farmer of Inglewood Forest, a novel. In four volumes. By Elizabeth Helme. Vol. II.</marc:subfield>
		<marc:subfield code="d">Letter-press</marc:subfield>
		<marc:subfield code="g">Full</marc:subfield>
		<marc:subfield code="x">Volume</marc:subfield>
		<marc:subfield code="v">v.2</marc:subfield>
	</marc:datafield>
	<marc:datafield ind1=" " ind2=" " tag="246">
		<marc:subfield code="a">The farmer of Inglewood Forest, a novel. In four volumes. By Elizabeth Helme. Vol. III.</marc:subfield>
		<marc:subfield code="d">Letter-press</marc:subfield>
		<marc:subfield code="g">Full</marc:subfield>
		<marc:subfield code="x">Volume</marc:subfield>
		<marc:subfield code="v">v.3</marc:subfield>
	</marc:datafield>
	<marc:datafield ind1=" " ind2=" " tag="246">
		<marc:subfield code="a">The farmer of Inglewood Forest, a novel. In four volumes. By Elizabeth Helme. Vol. IV.</marc:subfield>
		<marc:subfield code="d">Letter-press</marc:subfield>
		<marc:subfield code="g">Full</marc:subfield>
		<marc:subfield code="x">Volume</marc:subfield>
		<marc:subfield code="v">v.4</marc:subfield>
	</marc:datafield>
	<marc:datafield ind1="0" ind2="7" tag="246">
		<marc:subfield code="a">The farmer of Inglewood Forest.</marc:subfield>
		<marc:subfield code="v">v.1</marc:subfield>
		<marc:subfield code="v">v.2</marc:subfield>
		<marc:subfield code="v">v.3</marc:subfield>
		<marc:subfield code="v">v.4</marc:subfield>
	</marc:datafield>
	<marc:datafield ind1="0" ind2="7" tag="246">
		<marc:subfield code="a">The farmer of (recto)</marc:subfield>
		<marc:subfield code="a">Inglewood Forest. (verso)</marc:subfield>
		<marc:subfield code="v">v.1</marc:subfield>
		<marc:subfield code="v">v.2</marc:subfield>
		<marc:subfield code="v">v.3</marc:subfield>
		<marc:subfield code="v">v.4</marc:subfield>
	</marc:datafield>

	<marc:datafield ind1=" " ind2=" " tag="260">
		<marc:subfield code="a">London</marc:subfield>
		<marc:subfield code="b">Printed for William Lane, at the Minerva-Press, Leadenhall-Street.</marc:subfield>
		<marc:subfield code="c">1796</marc:subfield>
		<marc:subfield code="c">M.DCC.XCVI.</marc:subfield>
	</marc:datafield>

	<marc:datafield ind1=" " ind2=" " tag="300">
		<marc:subfield code="a">4 v. ;</marc:subfield>
		<marc:subfield code="c">18 cm. (12mo)</marc:subfield>
		<marc:subfield code="x">Duodecimo</marc:subfield>
		<marc:subfield code="z">In four volumes.</marc:subfield>
	</marc:datafield>

	<marc:datafield ind1=" " ind2=" " tag="500">
		<marc:subfield code="a">Vol. 1: [4], iii, [1], 230 p.; v. 2: [2], 235, [1] p.; v. 3: [4], 225, [1] p.; v. 4: [4], 230 p.</marc:subfield>
	</marc:datafield>
	<marc:datafield ind1=" " ind2=" " tag="500">
		<marc:subfield code="a">Advertisements on last pages of v. 2 and 3.</marc:subfield>
	</marc:datafield>
	<marc:datafield ind1=" " ind2=" " tag="500">
		<marc:subfield code="a">Sticker on front pastedown endpaper: "Sold by Hookham &amp; Carpenter. Bond street."</marc:subfield>
	</marc:datafield>

	<marc:datafield ind1="4" ind2=" " tag="510">
		<marc:subfield code="a">ESTC (RLIN)</marc:subfield>
		<marc:subfield code="c">N4957</marc:subfield>
	</marc:datafield>
	<marc:datafield ind1="4" ind2=" " tag="510">
		<marc:subfield code="a">English novel, 1770-1829,</marc:subfield>
		<marc:subfield code="c">1796: 51</marc:subfield>
	</marc:datafield>
	<marc:datafield ind1="4" ind2=" " tag="510">
		<marc:subfield code="a">Block, A.  Engl. novel (1961 ed.),</marc:subfield>
		<marc:subfield code="c">p. 101.</marc:subfield>
	</marc:datafield>

	<marc:datafield ind1=" " ind2=" " tag="520">
		<marc:subfield code="a">Dedication</marc:subfield>
		<marc:subfield code="b">To Mrs. Hastings.</marc:subfield>
		<marc:subfield code="c">Front</marc:subfield>
		<marc:subfield code="x">Begins: "Madam, though impressed with the sincerest gratitutde, for the honour you have conferred in suffering the following sheets to be presented to you, yet I confess myself unequal to the task of expressing my thanks as I could wish, and can only trust, as truth needs no adornment, that the simplicity of my acknolwedgements may express the extent of them." Signed: "I have the honour to be, Madam, with the utmost respect, your most obliged obedient humble servant, E. Helme."</marc:subfield>
	</marc:datafield>

	<marc:datafield ind1=" " ind2=" " tag="591">
		<marc:subfield code="a">........Ambition is at distance ---A goodly prospect, tempting to the view: ---The height delights us, and the mountain top ---Looks beautiful, because 'tis nigh to Heaven; ---But we ne'er think how sandy's the foundation, ---What storms will batter, and what tempest shake us!"</marc:subfield>
		<marc:subfield code="b">Venice Preserv'd</marc:subfield>
		<marc:subfield code="c">Thomas Otway</marc:subfield>
		<marc:subfield code="v">v.1</marc:subfield>
		<marc:subfield code="x">v.1 full title page.</marc:subfield>
	</marc:datafield>
	<marc:datafield ind1=" " ind2=" " tag="591">
		<marc:subfield code="a">We do not always find visible happiness in proportion to visible virtue; natural, and almost all politica evis, are incident alike to the bad and good: All that virtue can afford is quietness of conscience, and a steady prospect of a happier state.</marc:subfield>
		<marc:subfield code="b">The history of Rasselas, Prince of Abissinia: A tale</marc:subfield>
		<marc:subfield code="c">Samuel Johnson</marc:subfield>
		<marc:subfield code="v">v.2</marc:subfield>
	</marc:datafield>
	<marc:datafield ind1=" " ind2=" " tag="591">
		<marc:subfield code="a">Virtue may be assail'd, but never hurt; ---Surpris'd by unjust force, but not enthrall'd</marc:subfield>
		<marc:subfield code="b">Comus</marc:subfield>
		<marc:subfield code="c">John Milton</marc:subfield>
		<marc:subfield code="v">v.3</marc:subfield>
		<marc:subfield code="x">v.3 full title page.</marc:subfield>
	</marc:datafield>
	<marc:datafield ind1=" " ind2=" " tag="591">
		<marc:subfield code="a">-----Evil on itself shall back recoil, ---And mix no more with goodness; when at last ---Gather'd like scum, and settled it itself, ---It shall be in eternal restless change, ---Self-fed and self-consum'd. If this fail, ---The pillar'd firmament is rottenness, ---And earth's base built on stubble.</marc:subfield>
		<marc:subfield code="b">Comus</marc:subfield>
		<marc:subfield code="c">John Milton</marc:subfield>
		<marc:subfield code="v">v.4</marc:subfield>
		<marc:subfield code="x">v.4 full title page.</marc:subfield>
	</marc:datafield>
		
	<marc:datafield ind1=" " ind2=" " tag="592">
		<marc:subfield code="a">Third-person</marc:subfield>
	</marc:datafield>

	<marc:datafield ind1=" " ind2=" " tag="594">
		<marc:subfield code="a">Eliz. Bateman 4 vol.</marc:subfield>
		<marc:subfield code="b">Ink</marc:subfield>
		<marc:subfield code="x">Front free endpaper</marc:subfield>
		<marc:subfield code="v">v.1</marc:subfield>
	</marc:datafield>
	<marc:datafield ind1=" " ind2=" " tag="594">
		<marc:subfield code="a">Eliz. Bateman</marc:subfield>
		<marc:subfield code="b">Ink</marc:subfield>
		<marc:subfield code="v">v.2</marc:subfield>
		<marc:subfield code="v">v.3</marc:subfield>
		<marc:subfield code="v">v.4</marc:subfield>
	</marc:datafield>

	<marc:datafield ind1=" " ind2=" " tag="599">
		<marc:subfield code="a">Author (text)</marc:subfield>
		<marc:subfield code="b">Proper name</marc:subfield>
		<marc:subfield code="2">By Elizabeth Helme</marc:subfield>
		<marc:subfield code="3">Title Page</marc:subfield>
		<marc:subfield code="5">Female</marc:subfield>
		<marc:subfield code="6">Female</marc:subfield>
	</marc:datafield>
	<marc:datafield ind1=" " ind2=" " tag="599">
		<marc:subfield code="a">Author (paratext)</marc:subfield>
		<marc:subfield code="b">Proper name</marc:subfield>
		<marc:subfield code="2">Your most obliged obedient humble servant, E. Helme</marc:subfield>
		<marc:subfield code="3">Dedication</marc:subfield>
		<marc:subfield code="5">Female</marc:subfield>
		<marc:subfield code="6">Female</marc:subfield>
	</marc:datafield>

	<marc:datafield ind1=" " ind2="7" tag="655">
		<marc:subfield code="a">Publishers' advertisements</marc:subfield>
		<marc:subfield code="z">England</marc:subfield>
		<marc:subfield code="y">18th century.</marc:subfield>
		<marc:subfield code="2">rbgenr</marc:subfield>
	</marc:datafield>

	<marc:datafield ind1=" " ind2=" " tag="656">
		<marc:subfield code="a">Fiction</marc:subfield>
		<marc:subfield code="b">Back</marc:subfield>
		<marc:subfield code="c">Same Publisher</marc:subfield>
		<marc:subfield code="v">v.2</marc:subfield>
		<marc:subfield code="x">Heading: "In the press, and speedily will be published,"</marc:subfield>
	</marc:datafield>
	<marc:datafield ind1=" " ind2=" " tag="656">
		<marc:subfield code="a">Fiction</marc:subfield>
		<marc:subfield code="b">Back</marc:subfield>
		<marc:subfield code="c">Same Publisher</marc:subfield>
		<marc:subfield code="v">v.3</marc:subfield>
		<marc:subfield code="x">Heading: "Just published."</marc:subfield>
	</marc:datafield>

	<marc:datafield ind1=" " ind2="4" tag="650">
		<marc:subfield code="a">CHR 1796</marc:subfield>
	</marc:datafield>
	<marc:datafield ind1=" " ind2="4" tag="650">
		<marc:subfield code="a">PRO Singer, Jacob (donor)</marc:subfield>
	</marc:datafield>
	<marc:datafield ind1=" " ind2="4" tag="650">
		<marc:subfield code="a">PRO Singer, Leah (donor)</marc:subfield>
	</marc:datafield>
	<marc:datafield ind1=" " ind2="4" tag="650">
		<marc:subfield code="a">PRO Singer, Godfrey F. (honoree)</marc:subfield>
	</marc:datafield>
	<marc:datafield ind1=" " ind2="4" tag="650">
		<marc:subfield code="a">PRO Bateman, Elizabeth (Autograph)</marc:subfield>
	</marc:datafield>

	<marc:datafield ind1=" " ind2=" " tag="700">
		<marc:subfield code="a">Helme, Elizabeth</marc:subfield>
		<marc:subfield code="d">-1814?</marc:subfield>
		<marc:subfield code="4">Author (text)</marc:subfield>
		<marc:subfield code="5">Authorized</marc:subfield>
	</marc:datafield>
	<marc:datafield ind1=" " ind2=" " tag="700">
		<marc:subfield code="a">Lane, William</marc:subfield>
		<marc:subfield code="d">1745-1814</marc:subfield>
		<marc:subfield code="4">Printed for</marc:subfield>
		<marc:subfield code="5">Authorized</marc:subfield>
	</marc:datafield>
	<marc:datafield ind1=" " ind2=" " tag="700">
		<marc:subfield code="a">Hookham, Thomas</marc:subfield>
		<marc:subfield code="d">-1819</marc:subfield>
		<marc:subfield code="4">Sold by</marc:subfield>
		<marc:subfield code="5">Authorized</marc:subfield>
	</marc:datafield>
	<marc:datafield ind1=" " ind2=" " tag="700">
		<marc:subfield code="a">Eliz. Bateman</marc:subfield>
		<marc:subfield code="4">Inscribed by</marc:subfield>
		<marc:subfield code="5">Unauthorized</marc:subfield>
	</marc:datafield>
	<marc:datafield ind1=" " ind2=" " tag="700">
		<marc:subfield code="a">Mrs. Hastings</marc:subfield>
		<marc:subfield code="4">Dedicatee</marc:subfield>
		<marc:subfield code="5">Unauthorized</marc:subfield>
	</marc:datafield>
	<marc:datafield ind1=" " ind2=" " tag="700">
		<marc:subfield code="a">Otway, Thomas</marc:subfield>
		<marc:subfield code="d">1652-1685</marc:subfield>
		<marc:subfield code="4">Author (epigraph)</marc:subfield>
		<marc:subfield code="5">Authorized</marc:subfield>
	</marc:datafield>
	<marc:datafield ind1=" " ind2=" " tag="700">
		<marc:subfield code="a">Johnson, Samuel</marc:subfield>
		<marc:subfield code="d">1709-1784</marc:subfield>
		<marc:subfield code="4">Author (epigraph)</marc:subfield>
		<marc:subfield code="5">Authorized</marc:subfield>
	</marc:datafield>
	<marc:datafield ind1=" " ind2=" " tag="700">	
		<marc:subfield code="a">Milton, John</marc:subfield>
		<marc:subfield code="d">1608-1674</marc:subfield>
		<marc:subfield code="4">Author (epigraph)</marc:subfield>
		<marc:subfield code="5">Authorized</marc:subfield>
	</marc:datafield>
	<marc:datafield ind1=" " ind2=" " tag="700">
		<marc:subfield code="a">Hookham, Thomas</marc:subfield>
		<marc:subfield code="4">Sold by</marc:subfield>
		<marc:subfield code="5">Authorized</marc:subfield>
	</marc:datafield>
	<marc:datafield ind1=" " ind2=" " tag="700">
		<marc:subfield code="a">Carpenter, James</marc:subfield>
		<marc:subfield code="d">17..-18..</marc:subfield>
		<marc:subfield code="4">Sold by</marc:subfield>
		<marc:subfield code="5">Authorized</marc:subfield>
	</marc:datafield>

	<marc:datafield ind1=" " ind2=" " tag="710">
        <marc:subfield code="a">Minerva Press</marc:subfield>
        <marc:subfield code="4">Printed for</marc:subfield>
        <marc:subfield code="5">Authorized</marc:subfield>
    </marc:datafield>         
	<marc:datafield ind1="2" ind2=" " tag="710">
        <marc:subfield code="a">Early Novels</marc:subfield>
        <marc:subfield code="5">University of Pennsylvania</marc:subfield>
    </marc:datafield>
	<marc:datafield ind1="2" ind2=" " tag="710">
		<marc:subfield code="a">Collection of British and American Fiction, 1660-1830 (University of Pennsylvania)</marc:subfield>
		<marc:subfield code="5">PU</marc:subfield>
	</marc:datafield>

	<marc:datafield ind1=" " ind2=" " tag="752">
		<marc:subfield code="a">England</marc:subfield>
		<marc:subfield code="d">London.</marc:subfield>
	</marc:datafield>
	<marc:datafield ind1=" " ind2=" " tag="950">
		<marc:subfield code="l">RBC</marc:subfield>
		<marc:subfield code="e">\\Singer-\Menden-\hall\</marc:subfield>
		<marc:subfield code="v">4 v.</marc:subfield>
		<marc:subfield code="i">05/11/87 RL</marc:subfield>
		<marc:subfield code="h">11/06/86 C</marc:subfield>
	</marc:datafield>
	<marc:datafield ind1=" " ind2=" " tag="955">
		<marc:subfield code="l">RBC</marc:subfield>
		<marc:subfield code="c">1:(v.1-4)</marc:subfield>
		<marc:subfield code="q">725828-31</marc:subfield>
		<marc:subfield code="q">g. Mr. and Mrs. Jacob Singer</marc:subfield>
		<marc:subfield code="s">Ex libris: Bateman, Elizabeth</marc:subfield>
		<marc:subfield code="h">11/06/86 C</marc:subfield>
	</marc:datafield>

	 <marc:datafield ind1=" " ind2=" " tag="989"> 
        <marc:subfield code="2">Farmer</marc:subfield>
        <marc:subfield code="2">Forest</marc:subfield>
        <marc:subfield code="2">Novel</marc:subfield>
        <marc:subfield code="3">Four</marc:subfield>
        <marc:subfield code="4">Inglewood</marc:subfield>
        <marc:subfield code="5">Elizabeth Helme</marc:subfield>
    </marc:datafield>

    <marc:datafield ind1=" " ind2=" " tag="999">
		<marc:subfield code="a">SH</marc:subfield>
		<marc:subfield code="b">6/21/18</marc:subfield>
		<marc:subfield code="c">University of Pennsylvania</marc:subfield>
		<marc:subfield code="d">IC</marc:subfield>
	</marc:datafield>
</marc:record>