<marc:record>
      <marc:leader>01512cam a2200397 a 4500</marc:leader>
	<marc:controlfield tag="005">20141124142949.0</marc:controlfield>
	<marc:controlfield tag="008">781002s1796    xx            00000 eng d</marc:controlfield>
	<marc:controlfield tag="001">993651143503681</marc:controlfield>
	<marc:datafield ind1=" " ind2=" " tag="035">
		<marc:subfield code="a">(OCoLC)ocm04266477</marc:subfield>
	</marc:datafield>
	<marc:datafield ind1=" " ind2=" " tag="035">
		<marc:subfield code="a">(OCoLC)4266477</marc:subfield>
	</marc:datafield>
	<marc:datafield ind1=" " ind2=" " tag="035">
		<marc:subfield code="a">(CStRLIN)PAUG4266477-B</marc:subfield>
	</marc:datafield>
	<marc:datafield ind1=" " ind2=" " tag="035">
		<marc:subfield code="a">(CaOTULAS)105103983</marc:subfield>
	</marc:datafield>
	<marc:datafield ind1=" " ind2=" " tag="035">
		<marc:subfield code="9">ABX1684</marc:subfield>
	</marc:datafield>
	<marc:datafield ind1=" " ind2=" " tag="035">
		<marc:subfield code="a">365114</marc:subfield>
	</marc:datafield>
	<marc:datafield ind1=" " ind2=" " tag="035">
		<marc:subfield code="a">(PU)365114-penndb-Voyager</marc:subfield>
	</marc:datafield>
	<marc:datafield ind1=" " ind2=" " tag="035">
		<marc:subfield code="a">(PennHoldings)430241</marc:subfield>
	</marc:datafield>
	<marc:datafield ind1=" " ind2=" " tag="040">
		<marc:subfield code="c">PU</marc:subfield>
		<marc:subfield code="d">CStRLIN</marc:subfield>
	</marc:datafield>
	<marc:datafield ind1=" " ind2=" " tag="090">
		<marc:subfield code="a">PR3688.S4</marc:subfield>
		<marc:subfield code="b">R34</marc:subfield>
	</marc:datafield>
	<marc:datafield ind1="1" ind2="0" tag="100">
		<marc:subfield code="a">Smith, Charlotte Turner,</marc:subfield>
		<marc:subfield code="d">1749-1806.</marc:subfield>
	</marc:datafield>
	<marc:datafield ind1="1" ind2="0" tag="245">
		<marc:subfield code="a">Rambles farther:</marc:subfield>
		<marc:subfield code="b">a continuation of Rural walks: in dialogues. Intended for the use of young persons.</marc:subfield>
		<marc:subfield code="c">By Charlotte Smith. Two volumes in one.</marc:subfield>
	</marc:datafield>
	<marc:datafield ind1=" " ind2=" " tag="246">
        <marc:subfield code="a">Rambles farther: A continuation of Rural walks:</marc:subfield>
        <marc:subfield code="d">Letter-press</marc:subfield>
        <marc:subfield code="g">Half</marc:subfield>
        <marc:subfield code="x">Work</marc:subfield>
    </marc:datafield>
    <marc:datafield ind1=" " ind2=" " tag="246">
        <marc:subfield code="a">Rambles farther: A continuation of Rural walks: In dialogues. Intended for the use of young persons. By Charlotte Smith. Two volumes in one.</marc:subfield>
        <marc:subfield code="d">Letter-press</marc:subfield>
        <marc:subfield code="g">Full</marc:subfield>
        <marc:subfield code="x">Work</marc:subfield>
    </marc:datafield>
    <marc:datafield ind1="0" ind2="7" tag="246">
        <marc:subfield code="x">Multiple running titles</marc:subfield>
    </marc:datafield>
	<marc:datafield ind1=" " ind2=" " tag="260">
		<marc:subfield code="a">Dublin</marc:subfield>
		<marc:subfield code="b">Printed for P. Wogan, P. Byrne, J. Moore, B. Dugdale, H. Fitpatrick, J. Rice, And J. Milliken.</marc:subfield>
		<marc:subfield code="c">1796</marc:subfield>
		<marc:subfield code="c">1796.</marc:subfield>
	</marc:datafield>
	<marc:datafield ind1=" " ind2=" " tag="300">
		<marc:subfield code="a">vi, [2], 268 p.</marc:subfield>
		<marc:subfield code="c">17 cm.</marc:subfield>
		<marc:subfield code="x">Duodecimo</marc:subfield>
		<marc:subfield code="z">Two volumes in one</marc:subfield>
	</marc:datafield>
	<marc:datafield ind1="4" ind2=" " tag="510">
		<marc:subfield code="a">ESTC (RLIN)</marc:subfield>
		<marc:subfield code="c">T98234</marc:subfield>
	</marc:datafield>
	<marc:datafield ind1=" " ind2=" " tag="520">
        <marc:subfield code="a">Dedication</marc:subfield>
        <marc:subfield code="b">To The Right Honourable Lady Georgiana Cavendish</marc:subfield>
        <marc:subfield code="c">Front</marc:subfield>     
        <marc:subfield code="x">Transcription of first sentence: "Madam, the favourable opinion expressed by the Duchess of Devonshire, of the little work to which this is a sequel, induced me to solicit permission to dedicate these volumes to your ladyship."; Signed: "Your Ladyship's most obliged and devoted Servant, Charlotte Smith."; Dated: "May 16, 1796"</marc:subfield>
   	</marc:datafield>
   	<marc:datafield ind1=" " ind2=" " tag="520">
        <marc:subfield code="a">Table of contents</marc:subfield>
        <marc:subfield code="b">Contents.</marc:subfield>
        <marc:subfield code="c">Front</marc:subfield>
		<marc:subfield code="x">Lists dialogue/chapter titles with page number.</marc:subfield>
    </marc:datafield>	
    <marc:datafield ind1=" " ind2=" " tag="520">
        <marc:subfield code="a">Poem</marc:subfield>
        <marc:subfield code="b">Song, from the French</marc:subfield>
        <marc:subfield code="c">Middle</marc:subfield>
        <marc:subfield code="c">Transcription: "Ah! say, the fair Miranda cried,---Say where the abode of love is found:---Pervading nature, I replied,---His influence spreads the world around.; Location: p. 169-170</marc:subfield>
    </marc:datafield>	
    <marc:datafield ind1=" " ind2=" " tag="520">
        <marc:subfield code="a">Footnotes</marc:subfield>
        <marc:subfield code="c">Middle</marc:subfield>
        <marc:subfield code="x">Footnotes on p. 79</marc:subfield>
    </marc:datafield>
   	<marc:datafield ind1=" " ind2=" " tag="592">
        <marc:subfield code="a">Third-person</marc:subfield>
        <marc:subfield code="b">Dramatic dialogue</marc:subfield>
    </marc:datafield>
    <marc:datafield ind1=" " ind2=" " tag="594">
        <marc:subfield code="a">Mrs. Morris</marc:subfield>
        <marc:subfield code="b">Ink</marc:subfield>
		<marc:subfield code="x">Location: Full title page</marc:subfield>
    </marc:datafield>
	<marc:datafield ind1=" " ind2=" " tag="594">
        <marc:subfield code="a">Mrs. Bevy Morris April 1802</marc:subfield>
        <marc:subfield code="b">Pencil</marc:subfield>
        <marc:subfield code="x">Location: full title page</marc:subfield>
	</marc:datafield>
	<marc:datafield ind1=" " ind2=" " tag="599">
        <marc:subfield code="a">Author (text)</marc:subfield>
        <marc:subfield code="b">Proper name</marc:subfield>
        <marc:subfield code="2">By Charlotte Smith</marc:subfield>
        <marc:subfield code="3">Title Page</marc:subfield>
        <marc:subfield code="5">Female</marc:subfield>
        <marc:subfield code="6">Female</marc:subfield>
    </marc:datafield> 
	<marc:datafield ind1=" " ind2="4" tag="650">
		<marc:subfield code="a">CHR 1796</marc:subfield>
	</marc:datafield>
	<marc:datafield ind1=" " ind2=" " tag="700">
        <marc:subfield code="a">Smith, Charlotte</marc:subfield>
        <marc:subfield code="d">1749-1806</marc:subfield>
        <marc:subfield code="4">Author (text)</marc:subfield>
        <marc:subfield code="5">Authorized</marc:subfield>
    </marc:datafield>
    <marc:datafield ind1=" " ind2=" " tag="700">
        <marc:subfield code="a">Cavendish, Georgiana</marc:subfield>
        <marc:subfield code="d">1757-1806</marc:subfield>
        <marc:subfield code="4">Dedicatee</marc:subfield>
        <marc:subfield code="5">Authorized</marc:subfield>
    </marc:datafield>
    <marc:datafield ind1=" " ind2=" " tag="700">
        <marc:subfield code="a">Wogan, Patrick</marc:subfield>
        <marc:subfield code="4">Printed for</marc:subfield>
        <marc:subfield code="5">Authorized</marc:subfield>
    </marc:datafield>
    <marc:datafield ind1=" " ind2=" " tag="700">
        <marc:subfield code="a">Byrne, Patrick</marc:subfield>
        <marc:subfield code="d">1741?-1814</marc:subfield>
        <marc:subfield code="4">Printed for</marc:subfield>
        <marc:subfield code="5">Authorized</marc:subfield>
    </marc:datafield>
    <marc:datafield ind1=" " ind2=" " tag="700">
        <marc:subfield code="a">Moore, John</marc:subfield>
        <marc:subfield code="d">1729-1802</marc:subfield>
        <marc:subfield code="4">Printed for</marc:subfield>
        <marc:subfield code="5">Authorized</marc:subfield>
    </marc:datafield>
    <marc:datafield ind1=" " ind2=" " tag="700">
        <marc:subfield code="a">Dugdale, Bennett</marc:subfield>
        <marc:subfield code="4">Printed for</marc:subfield>
        <marc:subfield code="5">Authorized</marc:subfield>
    </marc:datafield>
    <marc:datafield ind1=" " ind2=" " tag="700">
        <marc:subfield code="a">Fitzpatrick, Hugh</marc:subfield>
        <marc:subfield code="d">-1818</marc:subfield>
        <marc:subfield code="4">Printed for</marc:subfield>
        <marc:subfield code="5">Authorized</marc:subfield>
    </marc:datafield>
    <marc:datafield ind1=" " ind2=" " tag="700">
        <marc:subfield code="a">J. Rice</marc:subfield>
        <marc:subfield code="4">Printed for</marc:subfield>
        <marc:subfield code="5">Unauthorized</marc:subfield>
    </marc:datafield>
    <marc:datafield ind1=" " ind2=" " tag="700">
        <marc:subfield code="a">Milliken, John</marc:subfield>
        <marc:subfield code="4">Printed for</marc:subfield>
        <marc:subfield code="5">Authorized</marc:subfield>
    </marc:datafield>
    <marc:datafield ind1=" " ind2=" " tag="700">
        <marc:subfield code="a">Mrs. Bevy Morris</marc:subfield>
        <marc:subfield code="4">Inscribed by</marc:subfield>
        <marc:subfield code="5">Unauthorized</marc:subfield>
    </marc:datafield>
    <marc:datafield ind1="2" ind2=" " tag="710">
		<marc:subfield code="a">Collection of British and American Fiction, 1660-1830 (University of Pennsylvania)</marc:subfield>
		<marc:subfield code="5">PU</marc:subfield>
	</marc:datafield>     
	<marc:datafield ind1="2" ind2=" " tag="710">
        <marc:subfield code="a">Early Novels</marc:subfield>
        <marc:subfield code="5">University of Pennsylvania</marc:subfield>
    </marc:datafield>
	<marc:datafield ind1=" " ind2=" " tag="950">
		<marc:subfield code="l">SPEC</marc:subfield>
		<marc:subfield code="i">01/01/01 N</marc:subfield>
	</marc:datafield>
	<marc:datafield ind1=" " ind2=" " tag="955">
		<marc:subfield code="l">SPEC</marc:subfield>
		<marc:subfield code="q">g Charles W Burr ma/</marc:subfield>
	</marc:datafield>
	<marc:datafield ind1=" " ind2=" " tag="989"> 
        <marc:subfield code="6">Ramble</marc:subfield>
        <marc:subfield code="2">Continuation</marc:subfield>
        <marc:subfield code="2">Walk</marc:subfield>
        <marc:subfield code="2">Use</marc:subfield>
        <marc:subfield code="2">Person</marc:subfield>
        <marc:subfield code="3">Rural</marc:subfield>
        <marc:subfield code="3">Young</marc:subfield>
        <marc:subfield code="5">Charlotte Smith</marc:subfield>
        <marc:subfield code="7">Dialogue</marc:subfield>
        <marc:subfield code="8">Farther</marc:subfield>
    </marc:datafield>
    <marc:datafield ind1=" " ind2=" " tag="999">
		<marc:subfield code="a">IC</marc:subfield>
		<marc:subfield code="b">7/3/18</marc:subfield>
		<marc:subfield code="c">University of Pennslyvania</marc:subfield>
		<marc:subfield code="d">OF</marc:subfield>
	</marc:datafield>
</marc:record>