<marc:record>
	<marc:leader>01469cam a2200349 i 4500</marc:leader>
	<marc:controlfield tag="005">20141219104613.0</marc:controlfield>
	<marc:controlfield tag="008">770830s1796    pau           000 f eng d</marc:controlfield>
	<marc:controlfield tag="001">9942990373503681</marc:controlfield>
	<marc:datafield ind1=" " ind2=" " tag="035">
		<marc:subfield code="a">(OCoLC)ocm03228048</marc:subfield>
	</marc:datafield>
	<marc:datafield ind1=" " ind2=" " tag="035">
		<marc:subfield code="a">(OCoLC)3228048</marc:subfield>
	</marc:datafield>
	<marc:datafield ind1=" " ind2=" " tag="035">
		<marc:subfield code="a">(PUVoyagerBIBID)4299037</marc:subfield>
	</marc:datafield>
	<marc:datafield ind1=" " ind2=" " tag="035">
		<marc:subfield code="a">4299037</marc:subfield>
	</marc:datafield>
	<marc:datafield ind1=" " ind2=" " tag="035">
		<marc:subfield code="a">(PU)4299037-penndb-Voyager</marc:subfield>
	</marc:datafield>
	<marc:datafield ind1=" " ind2=" " tag="035">
		<marc:subfield code="a">(PennHoldings)4428686</marc:subfield>
	</marc:datafield>
	<marc:datafield ind1=" " ind2=" " tag="040">
		<marc:subfield code="a">COO</marc:subfield>
		<marc:subfield code="c">COO</marc:subfield>
		<marc:subfield code="d">OCL</marc:subfield>
		<marc:subfield code="d">OCLCQ</marc:subfield>
		<marc:subfield code="d">PAU</marc:subfield>
	</marc:datafield>
	<marc:datafield ind1=" " ind2="4" tag="050">
		<marc:subfield code="a">PR3991.A1</marc:subfield>
		<marc:subfield code="b">L4 1796</marc:subfield>
	</marc:datafield>
	<marc:datafield ind1="0" ind2="0" tag="245">
		<marc:subfield code="a">Letters of an Italian nun and an English gentleman /</marc:subfield>
		<marc:subfield code="c">Translated from the French of J.J. Rousseau.</marc:subfield>
	</marc:datafield>
	<marc:datafield ind1=" " ind2=" " tag="246">
        <marc:subfield code="a">Letters of an Italian nun and an English gentleman. Translated from the French of J. J. Rousseau. Fifth edition.</marc:subfield>
        <marc:subfield code="d">Letter-press</marc:subfield>
        <marc:subfield code="g">Full</marc:subfield>
        <marc:subfield code="x">Work</marc:subfield>
    </marc:datafield>
    <marc:datafield tag="250" ind1=" " ind2=" ">
        <marc:subfield code="a">Fifth Edition</marc:subfield>
        <marc:subfield code="b">Fifth edition</marc:subfield>         
    </marc:datafield>
	<marc:datafield ind1=" " ind2=" " tag="260">
		<marc:subfield code="a">Philadelphia</marc:subfield>
		<marc:subfield code="b">Printed for Mathew Carey, no. 118, Market-Street.</marc:subfield>
		<marc:subfield code="c">1796.</marc:subfield>
		<marc:subfield code="c">1796</marc:subfield>
	</marc:datafield>
	<marc:datafield ind1=" " ind2=" " tag="300">
		<marc:subfield code="a">viii, [1], 10-130, [2] p. ;</marc:subfield>
		<marc:subfield code="c">17 cm. (12mo)</marc:subfield>
		<marc:subfield code="x">Duodecimo</marc:subfield>
	</marc:datafield>
	<marc:datafield ind1=" " ind2=" " tag="500">
		<marc:subfield code="a">Falsely attributed to Jean-Jacques Rousseau. Cf. Spurlin, P.M. Rousseau in America, p. 27.</marc:subfield>
	</marc:datafield>
	<marc:datafield ind1=" " ind2=" " tag="500">
		<marc:subfield code="a">Signatures: A-L (L6 blank; K2,3 missigned I2,3)</marc:subfield>
	</marc:datafield>
	<marc:datafield ind1=" " ind2=" " tag="500">
		<marc:subfield code="a">Book Stamp on Title Page and Introduction: Mercantile Library Philada</marc:subfield>
	</marc:datafield>
	<marc:datafield ind1=" " ind2=" " tag="500">
		<marc:subfield code="a">Book Summary Slip, transcription: "Forbidden Love - Property of the Gourlay Girls. Letters of an Italian Nun and an English Gentleman. Translated from the French of J. J. Rosseau. Philadelphia: Pr. for Mathew Carey, 1796. 12mo. 130 pp. (without the final blank). "Isabella" is the Italian nun and "Mr. Croll" the English gentleman in this epistolary novel. Croll woos Isabella, wins her heart, abandons her, and returns to England; Isabella dies a shunned and shamed, yet honorable, woman. The first American edition appeared in Philadelphia in 1794 and is a very scarce book while this second edition is "merely" quite hard to obtain. Provenance: Late 18th-century ownership signature of Eliza Gourlay on the title-page and that of Christiana Gourlay on the first page of the "Introduction." Later in a circulating library. Evans 31123; ESTC (electronic) W13553. On false attribution, see; Spurlin, Rousseau in America, p. 27. Recent quarter calf, old style with raised bands and plain spine; marbled paper sides. Faint stamps of a defunct library. Occassional stains; light, uniform, age-toning. Without the final blank. A desirable copy. (3206)" </marc:subfield>
	</marc:datafield>
	<marc:datafield ind1="4" ind2=" " tag="510">
		<marc:subfield code="a">Evans</marc:subfield>
		<marc:subfield code="c">31123</marc:subfield>
	</marc:datafield>
	<marc:datafield ind1="4" ind2=" " tag="510">
		<marc:subfield code="a">ESTC</marc:subfield>
		<marc:subfield code="c">W13553</marc:subfield>
	</marc:datafield>
	<marc:datafield ind1=" " ind2=" " tag="520">
        <marc:subfield code="a">Introduction</marc:subfield>
        <marc:subfield code="b">Introduction. Extract of a Letter to the Editor. Dated Chamberry, in Savoy, Jan. 7, 1780.</marc:subfield>
        <marc:subfield code="c">Front</marc:subfield>
        <marc:subfield code="x">Transcription of first sentence: "The original manuscript, whose imperfect translation I take the liberty to send you, is in the possession of a gentleman in this neighborhood, to whom I was presented by our common friend the Marquis of Bellegarde." </marc:subfield>
   	</marc:datafield>
	<marc:datafield ind1=" " ind2=" " tag="520">
		<marc:subfield code="a">Footnotes</marc:subfield>
		<marc:subfield code="c">Middle</marc:subfield>
		<marc:subfield code="x">Located on p. 15. Transcription: "Inconsiderate woman! woud you preserve your heart from the contagion which approaches you, write no more; write again, and you are undone."</marc:subfield>
	</marc:datafield>
	<marc:datafield ind1=" " ind2=" " tag="590">
		<marc:subfield code="a">Acquired for the Penn Libraries with assistance from the Rosengarten Family Fund.</marc:subfield>
	</marc:datafield>
	<marc:datafield ind1=" " ind2=" " tag="591">
        <marc:subfield code="a">Il cor gradisce; e serve a lui chi'l suo dover compisce.</marc:subfield>
        <marc:subfield code="b">Julia: or, The new Eloisa</marc:subfield>            
        <marc:subfield code="c">Jean-Jacques Rousseau</marc:subfield>            
        <marc:subfield code="d">To have a heart that glows with pure desire, to love and serve where duty may require.</marc:subfield>
        <marc:subfield code="x">Translation source: Google Books of source </marc:subfield>
    </marc:datafield>
    <marc:datafield ind1=" " ind2=" " tag="592">
        <marc:subfield code="a">Epistolary</marc:subfield>
    </marc:datafield>
    <marc:datafield ind1=" " ind2=" " tag="594">
        <marc:subfield code="a">Eliza Gourlay</marc:subfield>
        <marc:subfield code="b">Ink</marc:subfield>
        <marc:subfield code="x">Located on title page.</marc:subfield>
    </marc:datafield>  
    <marc:datafield ind1=" " ind2=" " tag="594">
        <marc:subfield code="a">Christiana Gourlay</marc:subfield>
        <marc:subfield code="b">Ink</marc:subfield>
        <marc:subfield code="x">Located on Introduction.</marc:subfield>
    </marc:datafield>
    <marc:datafield ind1=" " ind2=" " tag="596">
        <marc:subfield code="a">Translation</marc:subfield>
        <marc:subfield code="b">Title Page</marc:subfield>
        <marc:subfield code="c">French</marc:subfield>
        <marc:subfield code="e">Translated from the French of J. J. Rousseau</marc:subfield>
	</marc:datafield>  
	<marc:datafield ind1=" " ind2=" " tag="599">
        <marc:subfield code="a">Author (text)</marc:subfield>
        <marc:subfield code="b">Proper name</marc:subfield>
        <marc:subfield code="2">Translated from the French of J. J. Rousseau</marc:subfield>
        <marc:subfield code="3">Title Page</marc:subfield>
        <marc:subfield code="5">Indeterminate</marc:subfield>
        <marc:subfield code="6">Male</marc:subfield>
        <marc:subfield code="7">Falsely attributed to J. J. Rousseau</marc:subfield>
    </marc:datafield> 
	<marc:datafield ind1=" " ind2="4" tag="650">
		<marc:subfield code="a">CHR 1796</marc:subfield>
	</marc:datafield>
	<marc:datafield ind1=" " ind2="4" tag="650">
		<marc:subfield code="a">PRO Gourlay, Eliza (autograph)</marc:subfield>
	</marc:datafield>
	<marc:datafield ind1=" " ind2="4" tag="650">
		<marc:subfield code="a">PRO Gourlay, Christiana (autograph)</marc:subfield>
	</marc:datafield>
	<marc:datafield ind1=" " ind2="4" tag="650">
		<marc:subfield code="a">PRO Mercantile Library of Philadelphia (Stamp)</marc:subfield>
	</marc:datafield>
	<marc:datafield ind1=" " ind2=" " tag="700">
		<marc:subfield code="a">Rousseau, Jean-Jacques,</marc:subfield>
		<marc:subfield code="d">1712-1778.</marc:subfield>
		<marc:subfield code="4">Author (text)</marc:subfield>
		<marc:subfield code="5">Authorized</marc:subfield>
	</marc:datafield>
	<marc:datafield ind1=" " ind2=" " tag="700">
        <marc:subfield code="a">Eliza Gourlay</marc:subfield>
        <marc:subfield code="4">Inscribed by</marc:subfield>
        <marc:subfield code="5">Unauthorized</marc:subfield>
    </marc:datafield>
    <marc:datafield ind1=" " ind2=" " tag="700">
        <marc:subfield code="a">Christiana Gourlay</marc:subfield>
        <marc:subfield code="4">Inscribed by</marc:subfield>
        <marc:subfield code="5">Unauthorized</marc:subfield>
    </marc:datafield>
	<marc:datafield ind1=" " ind2=" " tag="710">
		<marc:subfield code="a">Mercantile Library of Philadelphia</marc:subfield>
		<marc:subfield code="4">Inscribed by</marc:subfield>
		<marc:subfield code="5">Authorized</marc:subfield>
	</marc:datafield>
	<marc:datafield ind1="2" ind2=" " tag="710" >
        <marc:subfield code="a">Early Novels</marc:subfield>
        <marc:subfield code="5">University of Pennsylvania</marc:subfield>
    </marc:datafield>
	<marc:datafield ind1="2" ind2=" " tag="710">
		<marc:subfield code="a">Collection of British and American Fiction, 1660-1830 (University of Pennsylvania)</marc:subfield>
		<marc:subfield code="5">PU</marc:subfield>
	</marc:datafield>
	<marc:datafield ind1="2" ind2=" " tag="710">
		<marc:subfield code="a">Rosengarten Family Fund.</marc:subfield>
		<marc:subfield code="5">PU</marc:subfield>
	</marc:datafield>
	<marc:datafield ind1="4" ind2="2" tag="856">
		<marc:subfield code="3">The Rosengarten Family Fund Home Page</marc:subfield>
		<marc:subfield code="u">http://hdl.library.upenn.edu/1017.12/366323</marc:subfield>
	</marc:datafield>
	<marc:datafield ind1=" " ind2=" " tag="994">
		<marc:subfield code="a">C0</marc:subfield>
		<marc:subfield code="b">PAU</marc:subfield>
	</marc:datafield>
	<marc:datafield ind1=" " ind2=" " tag="989"> 
        <marc:subfield code="2">Nun</marc:subfield>
        <marc:subfield code="2">Gentleman</marc:subfield>
        <marc:subfield code="2">French</marc:subfield>
        <marc:subfield code="3">Italian</marc:subfield>
        <marc:subfield code="3">English</marc:subfield>
        <marc:subfield code="3">Fifth</marc:subfield>
        <marc:subfield code="5">J. J. Rousseau</marc:subfield>
        <marc:subfield code="6">Translate</marc:subfield>
        <marc:subfield code="7">Letters</marc:subfield>
    </marc:datafield>
    <marc:datafield ind1=" " ind2=" " tag="999">
		<marc:subfield code="a">IC</marc:subfield>
		<marc:subfield code="b">7/518</marc:subfield>
		<marc:subfield code="c">University of Pennsylvania</marc:subfield>
		<marc:subfield code="d">DPL</marc:subfield>
	</marc:datafield>
</marc:record>