<marc:record>
	<marc:leader>01724cam a2200421   4500</marc:leader>
	<marc:controlfield tag="005">20141125133105.0</marc:controlfield>
	<marc:controlfield tag="008">800908s1795    nyu           00010 eng  </marc:controlfield>
	<marc:controlfield tag="001">994665513503681</marc:controlfield>
	<marc:datafield ind1=" " ind2=" " tag="010">
		<marc:subfield code="a">   18001075 </marc:subfield>
	</marc:datafield>
	<marc:datafield ind1=" " ind2=" " tag="035">
		<marc:subfield code="a">(OCoLC)ocm05761675</marc:subfield>
	</marc:datafield>
	<marc:datafield ind1=" " ind2=" " tag="035">
		<marc:subfield code="a">(OCoLC)5761675</marc:subfield>
	</marc:datafield>
	<marc:datafield ind1=" " ind2=" " tag="035">
		<marc:subfield code="a">(CStRLIN)PAUG18250017-B</marc:subfield>
	</marc:datafield>
	<marc:datafield ind1=" " ind2=" " tag="035">
		<marc:subfield code="a">(CaOTULAS)105071355</marc:subfield>
	</marc:datafield>
	<marc:datafield ind1=" " ind2=" " tag="035">
		<marc:subfield code="9">ACH9641</marc:subfield>
	</marc:datafield>
	<marc:datafield ind1=" " ind2=" " tag="035">
		<marc:subfield code="a">466551</marc:subfield>
	</marc:datafield>
	<marc:datafield ind1=" " ind2=" " tag="035">
		<marc:subfield code="a">(PU)466551-penndb-Voyager</marc:subfield>
	</marc:datafield>
	<marc:datafield ind1=" " ind2=" " tag="035">
		<marc:subfield code="a">(PennHoldings)543856</marc:subfield>
	</marc:datafield>
	
	<marc:datafield ind1=" " ind2=" " tag="040">
		<marc:subfield code="c">PU</marc:subfield>
		<marc:subfield code="d">PU</marc:subfield>
	</marc:datafield>
	
	<marc:datafield ind1="0" ind2=" " tag="041">
		<marc:subfield code="a">engger</marc:subfield>
	</marc:datafield>
	
	<marc:datafield ind1="0" ind2=" " tag="050">
		<marc:subfield code="a">PT2381.Z3</marc:subfield>
		<marc:subfield code="b">C6</marc:subfield>
	</marc:datafield>
	
	<marc:datafield ind1=" " ind2=" " tag="090">
		<marc:subfield code="a">PT2381.Z3</marc:subfield>
		<marc:subfield code="b">C6 1795</marc:subfield>
		<marc:subfield code="i">10/16/84 CT</marc:subfield>
		<marc:subfield code="h">09/08/80 CT</marc:subfield>
	</marc:datafield>
	
	<marc:datafield ind1="1" ind2=" " tag="100">
		<marc:subfield code="a">Klopstock, Friedrich Gottlieb,</marc:subfield>
		<marc:subfield code="d">1724-1803.</marc:subfield>
	</marc:datafield>
	
	<marc:datafield ind1="1" ind2="0" tag="240">
		<marc:subfield code="a">Messias.</marc:subfield>
		<marc:subfield code="l">English.</marc:subfield>
		<marc:subfield code="f">1795.</marc:subfield>
	</marc:datafield>
	
	<marc:datafield ind1="1" ind2="4" tag="245">
		<marc:subfield code="a">The Messiah,</marc:subfield>
		<marc:subfield code="c">attempted from the German of Mr. Klopstock, by Joseph Collyer.</marc:subfield>
	</marc:datafield>
	
	<marc:datafield ind1=" " ind2=" " tag="246">
	    <marc:subfield code="a">The Messiah, attempted from the German of Mr. Klopstock, by Joseph Collyer. In fifteen books.</marc:subfield>
		<marc:subfield code="d">Letter-press</marc:subfield>
		<marc:subfield code="g">Full</marc:subfield>
		<marc:subfield code="x">Work</marc:subfield>
	</marc:datafield>
	<marc:datafield ind1="0" ind2="7" tag="246">
	   <marc:subfield code="a">The Messiah. Book []; Book [] The Messiah.</marc:subfield>
	</marc:datafield>
	<marc:datafield ind1="0" ind2="7" tag="246">
	   <marc:subfield code="a">The Messiah. Book []. (verso)</marc:subfield>
	   <marc:subfield code="a">Book [] The Messiah. (recto)</marc:subfield>
	</marc:datafield>
	
	<marc:datafield ind1=" " ind2=" " tag="260">
		<marc:subfield code="a">New York</marc:subfield>
		<marc:subfield code="b">Printed by George Forman, no. 156, Front-street, for Benjamin Gomez, bookseller and stationer, no. 97, Maiden-lane.</marc:subfield>
		<marc:subfield code="c">1795</marc:subfield>
		<marc:subfield code="c">1795.</marc:subfield>
	</marc:datafield>
	
	<marc:datafield ind1=" " ind2=" " tag="300">
		<marc:subfield code="a">xvi, [2], [19]-403, [1] p.</marc:subfield>
		<marc:subfield code="c">18 cm. (12mo)</marc:subfield>
		<marc:subfield code="x">Duodecimo</marc:subfield>
	</marc:datafield>
	
	<marc:datafield ind1=" " ind2=" " tag="500">
		<marc:subfield code="a">A prose translation of "Der Messias, I.-XV. gesang," begun by Mary Collyer, and after her death completed by her husband, Joseph Collyer. cf. Translator's pref.</marc:subfield>
	</marc:datafield>
	<marc:datafield ind1=" " ind2=" " tag="500">
		<marc:subfield code="a">Pages dividing each section reading: "The [second-fifteenth] book of The Messiah."</marc:subfield>
	</marc:datafield>
		<marc:datafield ind1=" " ind2=" " tag="500">
		<marc:subfield code="a">Paratext entitled "Argument." before each section detaling the themes and events of the upcoming section</marc:subfield>
	</marc:datafield>
	
	<marc:datafield ind1="4" ind2=" " tag="510">
		<marc:subfield code="a">ESTC</marc:subfield>
		<marc:subfield code="c">W40052</marc:subfield>
	</marc:datafield>
	<marc:datafield ind1="4" ind2=" " tag="510">
		<marc:subfield code="a">Evans</marc:subfield>
		<marc:subfield code="c">28935</marc:subfield>
	</marc:datafield>
	
	<marc:datafield ind1=" " ind2=" " tag="520">
	    <marc:subfield code="a">Preface</marc:subfield>
		<marc:subfield code="b">The translator's preface.</marc:subfield>
		<marc:subfield code="c">Front</marc:subfield>
		<marc:subfield code="x">Transcription of first sentence: The extraordinary success of The Death of Abel, and the high opinion many persons of distinguished merit have entertained of that work, rendered them solicitious to see The Messiah attempted in the same manner, and by the same hand; they therefore applyed to Mrs. Collyer, who began the arduous talk; but had made no great progress, when a lingering illness, occasioned by the agitations of mind she suffered in writing the former work, unhappily for me, and for our children, put a period both to the attempt and to her life.</marc:subfield>
	</marc:datafield>
	<marc:datafield ind1=" " ind2=" " tag="520">
	    <marc:subfield code="a">Essay</marc:subfield>
		<marc:subfield code="b">On divine poetry.</marc:subfield>
		<marc:subfield code="c">Front</marc:subfield>
		<marc:subfield code="x">Transcription of first sentence: The public have the right to expect that the painter, who submits his picture to their judgment, should hang it up, and go away in silence.</marc:subfield>
	</marc:datafield>
	<marc:datafield ind1=" " ind2=" " tag="520">
	    <marc:subfield code="a">Footnotes</marc:subfield>
		<marc:subfield code="c">Front</marc:subfield>
		<marc:subfield code="x">Transcription of footnore: The Messiah was formerly published in three volumes.</marc:subfield>
	</marc:datafield>
	
	<marc:datafield ind1=" " ind2=" " tag="590">
		<marc:subfield code="a">Copy 2 imperfect: advertisements at end wanting.</marc:subfield>
	</marc:datafield>

	<marc:datafield ind1=" " ind2=" " tag="592">
	    <marc:subfield code="a">First-person</marc:subfield>
	</marc:datafield>

	<marc:datafield ind1=" " ind2=" " tag="596">
	    <marc:subfield code="a">Translation</marc:subfield>
		<marc:subfield code="b">Title page</marc:subfield>
		<marc:subfield code="c">German</marc:subfield>
		<marc:subfield code="e">Attempted from the German of Mr. Klopstock, by Joseph Collyer.</marc:subfield>
	</marc:datafield>

	<marc:datafield ind1=" " ind2=" " tag="599">
	    <marc:subfield code="a">Translator (text)</marc:subfield>
		<marc:subfield code="b">Proper name</marc:subfield>
		<marc:subfield code="2">Attempted from the German of Mr. Klopstock, by Joseph Collyer.</marc:subfield>
		<marc:subfield code="3">Title page</marc:subfield>
		<marc:subfield code="5">Male</marc:subfield>
		<marc:subfield code="6">Male</marc:subfield>
	</marc:datafield>
	<marc:datafield ind1=" " ind2=" " tag="599">
	    <marc:subfield code="a">Translator (text)</marc:subfield>
		<marc:subfield code="b">Generic/Descriptive</marc:subfield>
		<marc:subfield code="2">With diffidence I began this task; with fear, with labor, and repeated touches, I have prosecuted this piece of religious and moral painting; and at length have brought these volumes to a conclusion.</marc:subfield>
		<marc:subfield code="3">Preface</marc:subfield>
		<marc:subfield code="5">Male</marc:subfield>
		<marc:subfield code="6">Male</marc:subfield>
	</marc:datafield>
	<marc:datafield ind1=" " ind2=" " tag="599">
	    <marc:subfield code="a">Author (paratext)</marc:subfield>
		<marc:subfield code="b">Generic/Descriptive</marc:subfield>
		<marc:subfield code="2">I cannot conclude this preface without resturning my thanks to those gentlemen and ladies who were pleased to honor me with their subscriptions to the first two volumes</marc:subfield>
		<marc:subfield code="3">Preface</marc:subfield>
		<marc:subfield code="5">Male</marc:subfield>
		<marc:subfield code="6">Male</marc:subfield>
	</marc:datafield>
	<marc:datafield ind1=" " ind2=" " tag="599">
	    <marc:subfield code="a">Author (paratext)</marc:subfield>
		<marc:subfield code="b">Generic/Descriptive</marc:subfield>
		<marc:subfield code="2">But, before I enter upon this subject, it seems previously necessary to consider, whether it be allowable for poets to form their plans upon religious subjects.</marc:subfield>
		<marc:subfield code="3">Essay</marc:subfield>
		<marc:subfield code="5">Male</marc:subfield>
		<marc:subfield code="6">Male</marc:subfield>
	</marc:datafield>
	<marc:datafield ind1=" " ind2=" " tag="599">
	    <marc:subfield code="a">Author (text)</marc:subfield>
		<marc:subfield code="b">Generic/Descriptive</marc:subfield>
		<marc:subfield code="2">My design is not here confined to The Messiah, but to sacred poetry in general.</marc:subfield>
		<marc:subfield code="3">Essay</marc:subfield>
		<marc:subfield code="5">Male</marc:subfield>
		<marc:subfield code="6">Male</marc:subfield>
	</marc:datafield>

	<marc:datafield ind1=" " ind2="4" tag="650">
		<marc:subfield code="a">CHR 1795</marc:subfield>
	</marc:datafield>
	<marc:datafield ind1=" " ind2="4" tag="650">
		<marc:subfield code="a">PRO Burr, Charles W. (Charles Walts), 1861- (donor) (copy 2)</marc:subfield>
	</marc:datafield>

	<marc:datafield ind1="1" ind2=" " tag="700">
		<marc:subfield code="a">Collyer, Mary,</marc:subfield>
		<marc:subfield code="d">d. 1763</marc:subfield>
		<marc:subfield code="5">Authorized</marc:subfield>
	</marc:datafield>
	<marc:datafield ind1="1" ind2=" " tag="700">
		<marc:subfield code="a">Collyer, Joseph,</marc:subfield>
		<marc:subfield code="d">d. 1776</marc:subfield>
		<marc:subfield code="5">Authorized</marc:subfield>
	</marc:datafield>
	<marc:datafield ind1=" " ind2=" " tag="700">
	    <marc:subfield code="a">Collyer, Mary</marc:subfield>
		<marc:subfield code="d">d. 1763</marc:subfield>
		<marc:subfield code="4">Translator (text)</marc:subfield>
		<marc:subfield code="5">Authorized</marc:subfield>
	</marc:datafield>
	<marc:datafield ind1=" " ind2=" " tag="700">
	    <marc:subfield code="a">Collyer, Joseph</marc:subfield>
		<marc:subfield code="d">1748-1827</marc:subfield>
		<marc:subfield code="4">Translator (text)</marc:subfield>
		<marc:subfield code="5">Authorized</marc:subfield>
	</marc:datafield>
	<marc:datafield ind1=" " ind2=" " tag="700">
	    <marc:subfield code="a">Collyer, Joseph</marc:subfield>
		<marc:subfield code="d">1748-1827</marc:subfield>
		<marc:subfield code="4">Author (paratext)</marc:subfield>
		<marc:subfield code="5">Authorized</marc:subfield>
	</marc:datafield>
	<marc:datafield ind1=" " ind2=" " tag="700">
	    <marc:subfield code="a">Klopstock, Friedrich Gottlieb</marc:subfield>
		<marc:subfield code="d">1724-1803</marc:subfield>
		<marc:subfield code="4">Author (text)</marc:subfield>
		<marc:subfield code="5">Authorized</marc:subfield>
	</marc:datafield>
	<marc:datafield ind1=" " ind2=" " tag="700">
	    <marc:subfield code="a">Forman, George</marc:subfield>
		<marc:subfield code="d">1700?-1833</marc:subfield>
		<marc:subfield code="4">Printed by</marc:subfield>
		<marc:subfield code="5">Authorized</marc:subfield>
	</marc:datafield>
	<marc:datafield ind1=" " ind2=" " tag="700">
	    <marc:subfield code="a">Gomez, Benjamin</marc:subfield>
		<marc:subfield code="d">1769-1828</marc:subfield>
		<marc:subfield code="4">Printed for</marc:subfield>
		<marc:subfield code="5">Authorized</marc:subfield>
	</marc:datafield>

	<marc:datafield ind1="2" ind2=" " tag="710">
		<marc:subfield code="a">Collection of British and American Fiction, 1660-1830 (University of Pennsylvania)</marc:subfield>
		<marc:subfield code="5">PU</marc:subfield>
	</marc:datafield>
	<marc:datafield ind1="2" ind2=" " tag="710">
		<marc:subfield code="a">Early Novels</marc:subfield>
		<marc:subfield code="5">University of Pennsylvania</marc:subfield>
	</marc:datafield>

	<marc:datafield ind1=" " ind2=" " tag="752">
		<marc:subfield code="a">United States</marc:subfield>
		<marc:subfield code="b">New York (State)</marc:subfield>
		<marc:subfield code="d">New York.</marc:subfield>
	</marc:datafield>
	<marc:datafield ind1=" " ind2=" " tag="950">
		<marc:subfield code="l">RBC</marc:subfield>
		<marc:subfield code="i">10/16/84 RL</marc:subfield>
		<marc:subfield code="h">09/08/80 C</marc:subfield>
	</marc:datafield>
	<marc:datafield ind1=" " ind2=" " tag="955">
		<marc:subfield code="l">RBC</marc:subfield>
		<marc:subfield code="c">1</marc:subfield>
		<marc:subfield code="q">1980 Source unknown.</marc:subfield>
		<marc:subfield code="s">Browned, worn.</marc:subfield>
		<marc:subfield code="h">09/08/80 C</marc:subfield>
	</marc:datafield>
	<marc:datafield ind1=" " ind2=" " tag="955">
		<marc:subfield code="l">RBC</marc:subfield>
		<marc:subfield code="c">2</marc:subfield>
		<marc:subfield code="q">g. Dr. Charles W. Burr</marc:subfield>
		<marc:subfield code="s">Advertisments at end wanting.</marc:subfield>
		<marc:subfield code="i">10/16/84 C</marc:subfield>
	</marc:datafield>

	<marc:datafield ind1=" " ind2=" " tag="989">
	    <marc:subfield code="2">Messiah</marc:subfield>
		<marc:subfield code="2">German</marc:subfield>
		<marc:subfield code="3">Fifteen</marc:subfield>
		<marc:subfield code="5">Mr. Klopstock</marc:subfield>
		<marc:subfield code="5">Joseph Collyer</marc:subfield>
		<marc:subfield code="6">Attempt</marc:subfield>
		<marc:subfield code="7">Book</marc:subfield>
	</marc:datafield>

	<marc:datafield ind1=" " ind2=" " tag="999">
	    <marc:subfield code="a">OF</marc:subfield>
		<marc:subfield code="b">6/13/18</marc:subfield>
		<marc:subfield code="c">Carnegie Mellon University</marc:subfield>
		<marc:subfield code="d">AS</marc:subfield>
	</marc:datafield>
</marc:record>