<marc:record>
	<marc:leader>01742cam a2200409 a 4500</marc:leader>
	<marc:controlfield tag="005">20141119143818.0</marc:controlfield>
	<marc:controlfield tag="008">870313s1796    enka          00000 eng d</marc:controlfield>
	<marc:controlfield tag="001">99593813503681</marc:controlfield>
	<marc:datafield ind1=" " ind2=" " tag="035">
		<marc:subfield code="a">(OCoLC)ocm09511961</marc:subfield>
	</marc:datafield>
	<marc:datafield ind1=" " ind2=" " tag="035">
		<marc:subfield code="a">(OCoLC)9511961</marc:subfield>
	</marc:datafield>
	<marc:datafield ind1=" " ind2=" " tag="035">
		<marc:subfield code="a">(CStRLIN)PAUG87-B7135</marc:subfield>
	</marc:datafield>
	<marc:datafield ind1=" " ind2=" " tag="035">
		<marc:subfield code="a">(CaOTULAS)185126969</marc:subfield>
	</marc:datafield>
	<marc:datafield ind1=" " ind2=" " tag="035">
		<marc:subfield code="9">AAG8057</marc:subfield>
	</marc:datafield>
	<marc:datafield ind1=" " ind2=" " tag="035">
		<marc:subfield code="a">59381</marc:subfield>
	</marc:datafield>
	<marc:datafield ind1=" " ind2=" " tag="035">
		<marc:subfield code="a">(PU)59381-penndb-Voyager</marc:subfield>
	</marc:datafield>
	<marc:datafield ind1=" " ind2=" " tag="035">
		<marc:subfield code="a">(PennHoldings)74916</marc:subfield>
	</marc:datafield>
	<marc:datafield ind1=" " ind2=" " tag="040">
		<marc:subfield code="a">PU</marc:subfield>
		<marc:subfield code="c">PU</marc:subfield>
	</marc:datafield>
	<marc:datafield ind1="1" ind2=" " tag="041">
		<marc:subfield code="a">eng</marc:subfield>
		<marc:subfield code="h">fre</marc:subfield>
	</marc:datafield>
	<marc:datafield ind1=" " ind2=" " tag="090">
		<marc:subfield code="a">PZ6.B458</marc:subfield>
		<marc:subfield code="b">L5 1796</marc:subfield>
		<marc:subfield code="i">03/16/87 CT</marc:subfield>
	</marc:datafield>
	<marc:datafield ind1="1" ind2="0" tag="100">
		<marc:subfield code="a">Berquin,</marc:subfield>
		<marc:subfield code="c">M.</marc:subfield>
		<marc:subfield code="q">(Arnaud),</marc:subfield>
		<marc:subfield code="d">1747-1791.</marc:subfield>
	</marc:datafield>
	<marc:datafield ind1="1" ind2="0" tag="240">
		<marc:subfield code="a">Ami des enfans.</marc:subfield>
		<marc:subfield code="l">English</marc:subfield>
	</marc:datafield>
	<marc:datafield ind1="1" ind2="4" tag="245">
		<marc:subfield code="a">The looking-glass for the mind, or Intellectual mirror:</marc:subfield>
		<marc:subfield code="b">being an elegant collection of the most delightful little stories and interesting tales /</marc:subfield>
		<marc:subfield code="c">chiefly translated from that much admired work, L'ami des enfans ; with seventy-four cuts, designed and engraved on wood by I. Bewick.</marc:subfield>
	</marc:datafield>
	<marc:datafield tag="246" ind1="3" ind2=" ">
        <marc:subfield code="a">The looking-glass for the mind; or, intellectual mirror; being an elegant collection of the most delightful little Stories and interesting tales, chiefly translated from that much admired work, L'Ami Des Enfans. With seventy-four cuts, designed and engraved on wood by I. Bewick.</marc:subfield>
        <marc:subfield code="d">Letter-press</marc:subfield>
        <marc:subfield code="g">Full</marc:subfield>
        <marc:subfield code="x">Work</marc:subfield>
    </marc:datafield>
    <marc:datafield tag="246" ind1="0" ind2="7">
        <marc:subfield code="a">The Looking-Glass.</marc:subfield>
   	</marc:datafield>
    <marc:datafield tag="246" ind1="0" ind2="7">
        <marc:subfield code="a">The Looking-Glass. (verso)</marc:subfield>
        <marc:subfield code="a">The Looking-Glass. (recto)</marc:subfield>
    </marc:datafield>
	<marc:datafield ind1="0" ind2=" " tag="260">
		<marc:subfield code="a">London</marc:subfield>
		<marc:subfield code="b">Printed by J. Crowder for E. Newbery, the Corner of St. Paul's Church-Yard.</marc:subfield>
		<marc:subfield code="c">1796</marc:subfield>
		<marc:subfield code="c">M,DCC,XCVI.</marc:subfield>
	</marc:datafield>
	<marc:datafield tag="261" ind1="0" ind2=" ">
        <marc:subfield code="b">Printed by J. Crowder for E. Newbery, the Corner of St. Paul's Church-Yard.</marc:subfield>
        <marc:subfield code="f">J. Crowder</marc:subfield>
    </marc:datafield>
	<marc:datafield ind1=" " ind2=" " tag="300">
		<marc:subfield code="a">[8], 271, [1] p. :</marc:subfield>
		<marc:subfield code="b">Ill.</marc:subfield>
		<marc:subfield code="c">18 cm. (12mo)</marc:subfield>
		<marc:subfield code="x">Duodecimo</marc:subfield>
	</marc:datafield>
	<marc:datafield ind1=" " ind2=" " tag="500">
		<marc:subfield code="a">Translation of selections from: L'ami des enfans, by M. Berquin.  Cf. Halkett &amp; Laing (2nd ed.)</marc:subfield>
	</marc:datafield>
	<marc:datafield ind1=" " ind2=" " tag="500">
		<marc:subfield code="a">Translation ascribed to Samuel Cooper.</marc:subfield>
	</marc:datafield>
	<marc:datafield ind1=" " ind2=" " tag="500">
		<marc:subfield code="a">Illustrations included at the beginning and end of each chapter</marc:subfield>
	</marc:datafield>
	<marc:datafield ind1=" " ind2=" " tag="500">
		<marc:subfield code="a">Illustrator's name printed within title vignette.</marc:subfield>
	</marc:datafield>
	<marc:datafield ind1=" " ind2=" " tag="500">
		<marc:subfield code="a">Transcription of list of names on recto of the page before the title page: "John Wooler"; "Scots House";"His Book"; "Deckams Hall"; "Newcastle upon Tyne"</marc:subfield>
	</marc:datafield>
	<marc:datafield ind1=" " ind2=" " tag="500">
		<marc:subfield code="a">On the verso of the last page, there is drawing of soldiers. Two are in orange with orange plumes on their hats. There is one soldier standing in front leading the other two.</marc:subfield>
	</marc:datafield>
	<marc:datafield ind1=" " ind2=" " tag="500">
		<marc:subfield code="a">On the page opposite the page with the drawings; transcription in pencil: "John Wooler's Book" and "John Wooler"; on this page's verson: "John Wooler Esq." and "Deckams Hall in the county of Downham"; John Wooler's Book" and "John Wooler's Book"</marc:subfield>
	</marc:datafield>
	<marc:datafield ind1="4" ind2=" " tag="510">
		<marc:subfield code="a">ESTC (RLIN)</marc:subfield>
		<marc:subfield code="c">T90042</marc:subfield>
	</marc:datafield>
	<marc:datafield ind1="4" ind2=" " tag="510">
		<marc:subfield code="a">Block, A.  Engl. novel (1961 ed.),</marc:subfield>
		<marc:subfield code="c">p.20</marc:subfield>
	</marc:datafield>
	<marc:datafield tag="520" ind1=" " ind2=" ">
        <marc:subfield code="a">Preface</marc:subfield>
        <marc:subfield code="b">Preface.</marc:subfield>
        <marc:subfield code="c">Front</marc:subfield>
        <marc:subfield code="x">Transcription of first sentence in preface: The following pages may be considered rather as a collection of the beauties of M. Berquin, that as a literally abridged translation of that work, several original thoughts and observations being occassionally introduced into different parts of them.</marc:subfield>     
   	</marc:datafield>
   	<marc:datafield tag="520" ind1=" " ind2=" ">
        <marc:subfield code="a">Advertisement</marc:subfield>
        <marc:subfield code="b">Advertisement.</marc:subfield>
        <marc:subfield code="c">Front</marc:subfield>
        <marc:subfield code="x">Transcription of first sentence in advertisement: The uncommon encouragement which this selection has received from a discerning public, has naturally excited a grateful Propmptitude in the Publisher's Breast, to render it still more worthy of their Patronage.</marc:subfield>     
   	</marc:datafield>
   	<marc:datafield tag="520" ind1=" " ind2=" ">
        <marc:subfield code="a">Table of contents</marc:subfield>
        <marc:subfield code="b">Table of Contents.</marc:subfield>
        <marc:subfield code="c">Front</marc:subfield>
   	</marc:datafield>
   	<marc:datafield tag="592" ind1=" " ind2=" ">
        <marc:subfield code="a">Third-person</marc:subfield>
        <marc:subfield code="b">First-person</marc:subfield>
        <marc:subfield code="d">The author addresses the reader directly on the morals of each tale in the collection and advises them against ending up like the characters in the stories.</marc:subfield>
    </marc:datafield>
    <marc:datafield tag="594" ind1=" " ind2=" ">
        <marc:subfield code="a">John Wooler Esq His book Scots house Deckhams Hall Newcastle upon Tyne</marc:subfield>
        <marc:subfield code="b">Ink</marc:subfield>
		<marc:subfield code="x">Location: front free endpaper</marc:subfield>
    </marc:datafield>
    <marc:datafield tag="594" ind1=" " ind2=" ">
        <marc:subfield code="a">John Wooler's book</marc:subfield>
        <marc:subfield code="b">Pencil</marc:subfield>
		<marc:subfield code="x">Location: back free endpaper (recto)</marc:subfield>
    </marc:datafield>
    <marc:datafield tag="594" ind1=" " ind2=" ">
        <marc:subfield code="a">John Wooler Esq Deckhams hall in the county of Durham</marc:subfield>
        <marc:subfield code="b">Ink</marc:subfield>
		<marc:subfield code="x">Location: back free endpaper (versi)</marc:subfield>
    </marc:datafield>
	<marc:datafield tag="595" ind1=" " ind2=" ">
        <marc:subfield code="a">Pencil</marc:subfield>
        <marc:subfield code="b">Reader markings</marc:subfield>
        <marc:subfield code="x">There are outlines around the illustrations and page numbers in the novel.</marc:subfield>
	</marc:datafield>
	<marc:datafield tag="595" ind1=" " ind2=" ">
        <marc:subfield code="a">Pencil</marc:subfield>
        <marc:subfield code="b">Drawings</marc:subfield>
        <marc:subfield code="x">Description: Hand drawn illustration of three soldiers; Location: verso of pg. 271</marc:subfield>
	</marc:datafield>
	<marc:datafield tag="596" ind1=" " ind2=" ">
        <marc:subfield code="a">Translation</marc:subfield>
        <marc:subfield code="b">Title Page</marc:subfield>
        <marc:subfield code="c">French</marc:subfield>
        <marc:subfield code="e">Chiefly translated from that much admired work L'Ami Des Enfans</marc:subfield>
	</marc:datafield>  
	<marc:datafield tag="599" ind1=" " ind2=" ">
        <marc:subfield code="a">Author (text)</marc:subfield>
        <marc:subfield code="b">Proper name</marc:subfield>
        <marc:subfield code="2">The following pages may be considered rather as a collection of the beauties of M. Berquin</marc:subfield>
        <marc:subfield code="3">Preface</marc:subfield>
        <marc:subfield code="5">Male</marc:subfield>
        <marc:subfield code="6">Male</marc:subfield>
    </marc:datafield> 
	<marc:datafield ind1=" " ind2="7" tag="655">
		<marc:subfield code="a">Juvenile literature</marc:subfield>
		<marc:subfield code="z">England</marc:subfield>
		<marc:subfield code="y">18th century.</marc:subfield>
		<marc:subfield code="2">rbgenr</marc:subfield>
	</marc:datafield>
	<marc:datafield ind1=" " ind2="4" tag="650">
		<marc:subfield code="a">CHR 1796</marc:subfield>
	</marc:datafield>
	<marc:datafield ind1=" " ind2="4" tag="650">
		<marc:subfield code="a">PRO Wooler, John (autograph)</marc:subfield>
	</marc:datafield>
	<marc:datafield ind1=" " ind2="4" tag="650">
		<marc:subfield code="a">PRO Lewis, J.F. (donor)</marc:subfield>
	</marc:datafield>
	<marc:datafield ind1="1" ind2="0" tag="700">
		<marc:subfield code="a">Cooper, Samuel.</marc:subfield>
	</marc:datafield>
	<marc:datafield ind1="1" ind2="0" tag="700">
		<marc:subfield code="a">Bewick, John,</marc:subfield>
		<marc:subfield code="d">1760-1795.</marc:subfield>
	</marc:datafield>
	<marc:datafield tag="700" ind1=" " ind2=" ">
        <marc:subfield code="a">Berquin, Arnaud</marc:subfield>
        <marc:subfield code="d">1747-1791</marc:subfield>
        <marc:subfield code="4">Author (text)</marc:subfield>
        <marc:subfield code="5">Authorized</marc:subfield>
    </marc:datafield>
    <marc:datafield tag="700" ind1=" " ind2=" ">
        <marc:subfield code="a">Crowder, J. (John)</marc:subfield>
        <marc:subfield code="d">m. 1830</marc:subfield>
        <marc:subfield code="4">Printed by</marc:subfield>
        <marc:subfield code="5">Authorized</marc:subfield>
    </marc:datafield>
    <marc:datafield tag="700" ind1=" " ind2=" ">
        <marc:subfield code="a">Bewick, John</marc:subfield>
        <marc:subfield code="d">1760-1795</marc:subfield>
        <marc:subfield code="4">Engraver</marc:subfield>
        <marc:subfield code="5">Authorized</marc:subfield>
    </marc:datafield> 
    <marc:datafield tag="700" ind1=" " ind2=" ">
        <marc:subfield code="a">Newbery, E. (Elizabeth)</marc:subfield>
        <marc:subfield code="d">1746-1821</marc:subfield>
        <marc:subfield code="4">Printed for</marc:subfield>
        <marc:subfield code="5">Authorized</marc:subfield>
    </marc:datafield>
    <marc:datafield tag="700" ind1=" " ind2=" ">
        <marc:subfield code="a">John Wooler</marc:subfield>
        <marc:subfield code="4">Inscribed by</marc:subfield>
        <marc:subfield code="5">Unauthorized</marc:subfield>
    </marc:datafield>
	<marc:datafield ind1="0" ind2="2" tag="740">
		<marc:subfield code="a">Intellectual mirror.</marc:subfield>
	</marc:datafield>
	<marc:datafield tag="710" ind1="2" ind2=" ">
        <marc:subfield code="a">Early Novels</marc:subfield>
        <marc:subfield code="5">University of Pennsylvania</marc:subfield>
    </marc:datafield>
	<marc:datafield ind1="2" ind2=" " tag="710">
		<marc:subfield code="a">Collection of British and American Fiction, 1660-1830 (University of Pennsylvania)</marc:subfield>
		<marc:subfield code="5">PU</marc:subfield>
	</marc:datafield>
	<marc:datafield ind1=" " ind2=" " tag="950">
		<marc:subfield code="l">RBC</marc:subfield>
		<marc:subfield code="i">03/16/87 C</marc:subfield>
	</marc:datafield>
	<marc:datafield ind1=" " ind2=" " tag="955">
		<marc:subfield code="l">RBC</marc:subfield>
		<marc:subfield code="c">1</marc:subfield>
		<marc:subfield code="q">46-205</marc:subfield>
		<marc:subfield code="s">g. J. F. Lewis</marc:subfield>
		<marc:subfield code="i">03/16/87 C</marc:subfield>
	</marc:datafield>
	<marc:datafield tag="989" ind1=" " ind2=" "> 
        <marc:subfield code="1">L'Ami Des Enfans</marc:subfield>
        <marc:subfield code="2">Looking-glass</marc:subfield>
        <marc:subfield code="2">Mind</marc:subfield>
        <marc:subfield code="2">Mirror</marc:subfield>
        <marc:subfield code="2">Tale</marc:subfield>
        <marc:subfield code="2">Story</marc:subfield>
        <marc:subfield code="2">Collection</marc:subfield>
        <marc:subfield code="3">Intellectual</marc:subfield>
        <marc:subfield code="3">Elegant</marc:subfield>
        <marc:subfield code="3">Delightful</marc:subfield>
        <marc:subfield code="3">Little</marc:subfield>
        <marc:subfield code="3">Interesting</marc:subfield>
        <marc:subfield code="3">Admired</marc:subfield>
        <marc:subfield code="6">Translate</marc:subfield>
    </marc:datafield>
    <marc:datafield tag="999" ind1=" " ind2=" ">
		<marc:subfield code="a">IC</marc:subfield>
		<marc:subfield code="b">6/15/18</marc:subfield>
		<marc:subfield code="c">University of Pennsylvania</marc:subfield>
		<marc:subfield code="d">OF</marc:subfield>
	</marc:datafield>
</marc:record>