
<marc:record>
	<marc:leader>01328cam a2200349 a 4500</marc:leader>
	<marc:controlfield tag="005">20141119143935.0</marc:controlfield>
	<marc:controlfield tag="008">870316s1796    enk           00000 eng d</marc:controlfield>
	<marc:controlfield tag="001">99596143503681</marc:controlfield>
	<marc:datafield ind1=" " ind2=" " tag="035">
		<marc:subfield code="a">(OCoLC)ocm77937172</marc:subfield>
	</marc:datafield>
	<marc:datafield ind1=" " ind2=" " tag="035">
		<marc:subfield code="a">(OCoLC)77937172</marc:subfield>
	</marc:datafield>
	<marc:datafield ind1=" " ind2=" " tag="035">
		<marc:subfield code="a">(CStRLIN)PAUG87-B7395</marc:subfield>
	</marc:datafield>
	<marc:datafield ind1=" " ind2=" " tag="035">
		<marc:subfield code="a">(CaOTULAS)185128130</marc:subfield>
	</marc:datafield>
	<marc:datafield ind1=" " ind2=" " tag="035">
		<marc:subfield code="9">AAG8298</marc:subfield>
	</marc:datafield>
	<marc:datafield ind1=" " ind2=" " tag="035">
		<marc:subfield code="a">59614</marc:subfield>
	</marc:datafield>
	<marc:datafield ind1=" " ind2=" " tag="035">
		<marc:subfield code="a">(PU)59614-penndb-Voyager</marc:subfield>
	</marc:datafield>
	<marc:datafield ind1=" " ind2=" " tag="035">
		<marc:subfield code="a">(PennHoldings)75200</marc:subfield>
	</marc:datafield>
	<marc:datafield ind1=" " ind2=" " tag="040">
		<marc:subfield code="a">PU</marc:subfield>
		<marc:subfield code="c">PU</marc:subfield>
	</marc:datafield>
	<marc:datafield ind1=" " ind2=" " tag="090">
		<marc:subfield code="a">PR5187.P29</marc:subfield>
		<marc:subfield code="b">A7 1796</marc:subfield>
		<marc:subfield code="i">03/16/87 CT</marc:subfield>
	</marc:datafield>
	<marc:datafield ind1="1" ind2="0" tag="100">
		<marc:subfield code="a">Plumptre, Anne,</marc:subfield>
		<marc:subfield code="d">1760-1818.</marc:subfield>
	</marc:datafield>
	<marc:datafield ind1="1" ind2="0" tag="245">
		<marc:subfield code="a">Antoinette :</marc:subfield>
		<marc:subfield code="b">a novel, in two volumes.</marc:subfield>
	</marc:datafield>

	<marc:datafield ind1=" " ind2=" " tag="246">
	    <marc:subfield code="a">Antoinette.</marc:subfield>
		<marc:subfield code="d">Letter-press</marc:subfield>
		<marc:subfield code="g">Half</marc:subfield>
		<marc:subfield code="v">v.1</marc:subfield>
		<marc:subfield code="v">v.2</marc:subfield>
		<marc:subfield code="x">Work</marc:subfield>
	</marc:datafield>

	<marc:datafield ind1=" " ind2=" " tag="246">
	    <marc:subfield code="a">Antoinette, a novel, in two volumes. Vol. I.</marc:subfield>
		<marc:subfield code="d">Letter-press</marc:subfield>
		<marc:subfield code="g">Full</marc:subfield>
		<marc:subfield code="v">v.1</marc:subfield>
		<marc:subfield code="x">Volume</marc:subfield>
	</marc:datafield>
	<marc:datafield ind1=" " ind2=" " tag="246">
	    <marc:subfield code="a">Antoinette, a novel, in two volumes. Vol. II.</marc:subfield>
		<marc:subfield code="d">Letter-press</marc:subfield>
		<marc:subfield code="g">Full</marc:subfield>
		<marc:subfield code="v">v.2</marc:subfield>
		<marc:subfield code="x">Volume</marc:subfield>
	</marc:datafield>

	<marc:datafield ind1="0" ind2=" " tag="246">
	    <marc:subfield code="a">Antoinette.</marc:subfield>
		<marc:subfield code="v">v.1</marc:subfield>
		<marc:subfield code="v">v.2</marc:subfield>
	</marc:datafield>
	<marc:datafield ind1="0" ind2=" " tag="246">
	    <marc:subfield code="a">Antoinette. (verso)</marc:subfield>
	    <marc:subfield code="a">Antoinette. (recto)</marc:subfield>
		<marc:subfield code="v">v.1</marc:subfield>
		<marc:subfield code="v">v.2</marc:subfield>
	</marc:datafield>

	<marc:datafield ind1="0" ind2=" " tag="260">
		<marc:subfield code="a">London</marc:subfield>
		<marc:subfield code="b">Printed for William Lane at the Minerva-Press, Leadenhall-street.</marc:subfield>
		<marc:subfield code="c">1796</marc:subfield>
		<marc:subfield code="c">M.DCC.XCVI.</marc:subfield>
	</marc:datafield>
	<marc:datafield ind1=" " ind2=" " tag="300">
		<marc:subfield code="a">2 v. ;</marc:subfield>
		<marc:subfield code="c">17 cm. (12mo)</marc:subfield>
		<marc:subfield code="x">Duodecimo</marc:subfield>
		<marc:subfield code="z">In two volumes</marc:subfield>
	</marc:datafield>

	<marc:datafield ind1=" " ind2=" " tag="500">
		<marc:subfield code="a">By Anne Plumptre.  "Second edition has the writer's name." --     Halkett &amp; Laing (2nd ed.)</marc:subfield>
	</marc:datafield>
	<marc:datafield ind1=" " ind2=" " tag="500">
		<marc:subfield code="a">Epigraphs included at the start of each chapter</marc:subfield>
	</marc:datafield>

	<marc:datafield ind1="4" ind2=" " tag="510">
		<marc:subfield code="a">Blakey, D.  Minerva Press,</marc:subfield>
		<marc:subfield code="c">p. 173</marc:subfield>
	</marc:datafield>
	<marc:datafield ind1="4" ind2=" " tag="510">
		<marc:subfield code="a">ESTC (RLIN)</marc:subfield>
		<marc:subfield code="c">N31027</marc:subfield>
	</marc:datafield>
	<marc:datafield ind1="4" ind2=" " tag="510">
		<marc:subfield code="a">English novel, 1770-1829,</marc:subfield>
		<marc:subfield code="c">1796:73</marc:subfield>
	</marc:datafield>
	<marc:datafield ind1="4" ind2=" " tag="510">
		<marc:subfield code="a">Block, A.  Engl. novel (1961 ed.),</marc:subfield>
		<marc:subfield code="c">p.186</marc:subfield>
	</marc:datafield>
	<marc:datafield ind1="4" ind2=" " tag="510">
		<marc:subfield code="a">Halkett &amp; Laing (2nd ed.)</marc:subfield>
		<marc:subfield code="c">I, p.115</marc:subfield>
	</marc:datafield>

	<marc:datafield tag="520" ind1=" " ind2=" ">
        <marc:subfield code="a">Poem</marc:subfield>
        <marc:subfield code="b">Sonnet to Sleep.</marc:subfield>
        <marc:subfield code="c">Middle</marc:subfield>
        <marc:subfield code="v">v.1</marc:subfield>
        <marc:subfield code="x">Transcription of first sentence of poem on p. 99: Soother of human mis'ry balmy pow'r,--- Sweet sleep!-whom oft the long, long, night I've woo'd,--- Till morn's returning light again I view'd,--- But woo'd in vain; thou entered'st not my bow'r;--- Ah! now thine absence I lament no more!</marc:subfield>         
   	</marc:datafield>
   	<marc:datafield tag="520" ind1=" " ind2=" ">
        <marc:subfield code="a">Poem</marc:subfield>
        <marc:subfield code="b">Sonnet to Night.</marc:subfield>
        <marc:subfield code="c">Middle</marc:subfield>
        <marc:subfield code="v">v.1</marc:subfield>
        <marc:subfield code="x">Transcription of first sentence of Poem on p.63-65: Oh night! that wrap'st the world around in shade;--- At whole approach, the busy hum of men--- Is hush'd to peace, while in the lonely glen--- Thick mists arise, and veil the op'ning glade:--- I love thy gloom!- it suits my woe-worn breast;--- I hate the form of false mankind to see!</marc:subfield>
    </marc:datafield>
    <marc:datafield tag="520" ind1=" " ind2=" ">
        <marc:subfield code="a">Poem</marc:subfield>
        <marc:subfield code="b">Alfred. A Tale.</marc:subfield>
        <marc:subfield code="c">Middle</marc:subfield>
        <marc:subfield code="v">v.1</marc:subfield>
        <marc:subfield code="x">Transcription of first stanza of Poem on p.166-179: Farewell, sweet Helen! much lov'd maid,--- Farewell my destin'd bride,--- Heav'ns choicest blessings on thee wait!--- Th' adoring Alfred cried.</marc:subfield>
    </marc:datafield>
    <marc:datafield ind1=" " ind2=" " tag="591">
	    <marc:subfield code="a">Nor fame I slight, nor for her favours call,---She comes unlook'd for, if she comes at all.</marc:subfield>
		<marc:subfield code="2">Pope.</marc:subfield>
		<marc:subfield code="b">Paraphrases from Chaucer: the temple of fame</marc:subfield>
		<marc:subfield code="c">Alexander Pope</marc:subfield>
		<marc:subfield code="v">v.1</marc:subfield>
		<marc:subfield code="v">v.2</marc:subfield>
	</marc:datafield>
	<marc:datafield ind1=" " ind2=" " tag="592">
	    <marc:subfield code="a">Third-person</marc:subfield>
		<marc:subfield code="b">Letters</marc:subfield>
		<marc:subfield code="c">Poems</marc:subfield>
	</marc:datafield>
	<marc:datafield ind1=" " ind2=" " tag="594">
	    <marc:subfield code="a">John C. Mendenhall April 1927</marc:subfield>
		<marc:subfield code="b">Ink</marc:subfield>
		<marc:subfield code="x">Location: front free endpaper; Note: "September" is written but crossed out</marc:subfield>
		<marc:subfield code="v">v.1</marc:subfield>
	</marc:datafield>
	<marc:datafield ind1=" " ind2=" " tag="594">
	    <marc:subfield code="a">John C. Mendenhall April 1927</marc:subfield>
		<marc:subfield code="b">Ink</marc:subfield>
		<marc:subfield code="x">Location: front free endpaper</marc:subfield>
		<marc:subfield code="v">v.2</marc:subfield>
	</marc:datafield>
	<marc:datafield ind1=" " ind2="4" tag="650">
		<marc:subfield code="a">CHR 1796</marc:subfield>
	</marc:datafield>
	<marc:datafield ind1=" " ind2="4" tag="650">
		<marc:subfield code="a">PRO Mendenhall, John C. (autograph) (donor)</marc:subfield>
	</marc:datafield>
	<marc:datafield ind1=" " ind2=" " tag="700">
	    <marc:subfield code="a">Lane, William</marc:subfield>
		<marc:subfield code="d">1745?-1814</marc:subfield>
		<marc:subfield code="4">Printed for</marc:subfield>
		<marc:subfield code="5">Authorized</marc:subfield>
	</marc:datafield>
	<marc:datafield ind1=" " ind2=" " tag="700">
	    <marc:subfield code="a">Mendenhall, John Cooper</marc:subfield>
		<marc:subfield code="d">1886-</marc:subfield>
		<marc:subfield code="4">Inscribed by</marc:subfield>
		<marc:subfield code="5">Authorized</marc:subfield>
	</marc:datafield>
	<marc:datafield ind1=" " ind2=" " tag="710">
	    <marc:subfield code="a">Minerva Press</marc:subfield>
		<marc:subfield code="4">Printed for</marc:subfield>
		<marc:subfield code="5">Authorized</marc:subfield>
	</marc:datafield>
	<marc:datafield ind1="2" ind2=" " tag="710">
		<marc:subfield code="a">Early Novels</marc:subfield>
		<marc:subfield code="5">University of Pennsylvania</marc:subfield>
	</marc:datafield>
	<marc:datafield ind1="2" ind2=" " tag="710">
		<marc:subfield code="a">Collection of British and American Fiction, 1660-1830 (University of Pennsylvania)</marc:subfield>
		<marc:subfield code="5">PU</marc:subfield>
	</marc:datafield>
	<marc:datafield ind1=" " ind2=" " tag="752">
		<marc:subfield code="a">England</marc:subfield>
		<marc:subfield code="d">London.</marc:subfield>
	</marc:datafield>
	<marc:datafield ind1=" " ind2=" " tag="950">
		<marc:subfield code="l">RBC</marc:subfield>
		<marc:subfield code="e">\\Singer-\Menden-\hall\</marc:subfield>
		<marc:subfield code="v">2 v.</marc:subfield>
		<marc:subfield code="i">03/16/87 C</marc:subfield>
	</marc:datafield>
	<marc:datafield ind1=" " ind2=" " tag="955">
		<marc:subfield code="l">RBC</marc:subfield>
		<marc:subfield code="c">1:(v.1-2)</marc:subfield>
		<marc:subfield code="q">50-1204</marc:subfield>
		<marc:subfield code="s">g. John C. Mendenhall</marc:subfield>
		<marc:subfield code="s">boxed</marc:subfield>
		<marc:subfield code="i">03/16/87 C</marc:subfield>
	</marc:datafield>
	<marc:datafield ind1=" " ind2=" " tag="989">
	    <marc:subfield code="2">Novel</marc:subfield>
		<marc:subfield code="2">Volume</marc:subfield>
		<marc:subfield code="3">Two</marc:subfield>
		<marc:subfield code="5">Antoinette</marc:subfield>
	</marc:datafield>
	<marc:datafield ind1=" " ind2=" " tag="999">
	    <marc:subfield code="a">OF</marc:subfield>
		<marc:subfield code="b">6/25/18</marc:subfield>
		<marc:subfield code="c">Carnegie Mellon University</marc:subfield>
		<marc:subfield code="d">IC</marc:subfield>
	</marc:datafield>
</marc:record>