<marc:record>
	<marc:leader>01510cam a2200361 a 4500</marc:leader>
	<marc:controlfield tag="005">20141119144101.0</marc:controlfield>
	<marc:controlfield tag="008">870318s1796    enk           00010 eng d</marc:controlfield>
	<marc:controlfield tag="001">99599583503681</marc:controlfield>
	<marc:datafield ind1=" " ind2=" " tag="035">
		<marc:subfield code="a">(OCoLC)ocm02950236</marc:subfield>
	</marc:datafield>
	<marc:datafield ind1=" " ind2=" " tag="035">
		<marc:subfield code="a">(OCoLC)2950236</marc:subfield>
	</marc:datafield>
	<marc:datafield ind1=" " ind2=" " tag="035">
		<marc:subfield code="a">(CStRLIN)PAUG87-B7824</marc:subfield>
	</marc:datafield>
	<marc:datafield ind1=" " ind2=" " tag="035">
		<marc:subfield code="a">(CaOTULAS)185130222</marc:subfield>
	</marc:datafield>
	<marc:datafield ind1=" " ind2=" " tag="035">
		<marc:subfield code="9">AAG8655</marc:subfield>
	</marc:datafield>
	<marc:datafield ind1=" " ind2=" " tag="035">
		<marc:subfield code="a">59958</marc:subfield>
	</marc:datafield>
	<marc:datafield ind1=" " ind2=" " tag="035">
		<marc:subfield code="a">(PU)59958-penndb-Voyager</marc:subfield>
	</marc:datafield>
	<marc:datafield ind1=" " ind2=" " tag="035">
		<marc:subfield code="a">(PennHoldings) 75595</marc:subfield>
	</marc:datafield>
	<marc:datafield ind1=" " ind2=" " tag="040">
		<marc:subfield code="a">IaU</marc:subfield>
		<marc:subfield code="c">IaU</marc:subfield>
		<marc:subfield code="d">PU</marc:subfield>
	</marc:datafield>
	<marc:datafield ind1=" " ind2=" " tag="090">
		<marc:subfield code="a">PR3605.M5</marc:subfield>
		<marc:subfield code="b">E4 1796</marc:subfield>
		<marc:subfield code="i">03/19/87 CT</marc:subfield>
	</marc:datafield>
	<marc:datafield ind1="1" ind2="0" tag="100">
		<marc:subfield code="a">Moore, John,</marc:subfield>
		<marc:subfield code="d">1729-1802.</marc:subfield>
	</marc:datafield>
	<marc:datafield ind1="1" ind2="0" tag="245">
		<marc:subfield code="a">Edward :</marc:subfield>
		<marc:subfield code="b">various views of human nature, taken from life and manners, chiefly in England /</marc:subfield>
		<marc:subfield code="c">by the author of Zeluco : in two volumes</marc:subfield>
	</marc:datafield>
	<marc:datafield ind1=" " ind2=" " tag="246">
		<marc:subfield code="a">Edward. Various views of human nature, taken from life and manners, chiefly in England. By the author of Zeluco. In two volumes. Vol. I.</marc:subfield>
		<marc:subfield code="d">Letter-press</marc:subfield>
		<marc:subfield code="g">Full</marc:subfield>
		<marc:subfield code="x">Volume</marc:subfield>
		<marc:subfield code="v">v.1</marc:subfield>
	</marc:datafield>
	<marc:datafield ind1=" " ind2=" " tag="246">
		<marc:subfield code="a">Edward. Various views of human nature, taken from life and manners, chiefly in England. By the author of Zeluco. In two volumes. Vol. II.</marc:subfield>
		<marc:subfield code="d">Letter-press</marc:subfield>
		<marc:subfield code="g">Full</marc:subfield>
		<marc:subfield code="x">Volume</marc:subfield>
		<marc:subfield code="v">v.2</marc:subfield>
	</marc:datafield>
	<marc:datafield ind1="0" ind2="7" tag="246">
		<marc:subfield code="a">Edward.</marc:subfield>
		<marc:subfield code="v">v.1</marc:subfield>
		<marc:subfield code="v">v.2</marc:subfield>
	</marc:datafield>
	<marc:datafield ind1="0" ind2="7" tag="246">
		<marc:subfield code="a">Edward. (recto)</marc:subfield>
		<marc:subfield code="a">Edward. (verso)</marc:subfield>
		<marc:subfield code="v">v.1</marc:subfield>
		<marc:subfield code="v">v.2</marc:subfield>
	</marc:datafield>
	<marc:datafield ind1=" " ind2=" " tag="260">
		<marc:subfield code="a">London</marc:subfield>
		<marc:subfield code="b">Printed for A. Strahan, and T. Cadell, jun. and W. Davies (successors to Mr. Cadell) in the Strand.</marc:subfield>
		<marc:subfield code="c">1796</marc:subfield>
		<marc:subfield code="c">MDCCXCVI.</marc:subfield>
	</marc:datafield>
	<marc:datafield ind1=" " ind2=" " tag="300">
		<marc:subfield code="a">2 v. ;</marc:subfield>
		<marc:subfield code="c">22 cm. (8vo)</marc:subfield>
		<marc:subfield code="x">Octavo</marc:subfield>
		<marc:subfield code="z">In two volumes</marc:subfield>
	</marc:datafield>
	<marc:datafield ind1=" " ind2=" " tag="500">
		<marc:subfield code="a">By John Moore.  Cf. BM.</marc:subfield>
	</marc:datafield>	
	<marc:datafield ind1=" " ind2=" " tag="500">
		<marc:subfield code="a">Errata: v. 2, p. [1] at end.</marc:subfield>
	</marc:datafield>	
	<marc:datafield ind1=" " ind2=" " tag="500">
		<marc:subfield code="a">Advertisements: v. 2, p. [2]-[4] at end.</marc:subfield>
	</marc:datafield>
	<marc:datafield ind1="4" ind2=" " tag="510">
		<marc:subfield code="a">ESTC (RLIN)</marc:subfield>
		<marc:subfield code="c">T114000</marc:subfield>
	</marc:datafield>
	<marc:datafield ind1="4" ind2=" " tag="510">
		<marc:subfield code="a">English novel, 1770-1829,</marc:subfield>
		<marc:subfield code="c">1796:67</marc:subfield>
	</marc:datafield>
	<marc:datafield ind1="4" ind2=" " tag="510">
		<marc:subfield code="a">Block, A.  Engl. novel (1961 ed.),</marc:subfield>
		<marc:subfield code="c">p.165</marc:subfield>
	</marc:datafield>
	<marc:datafield ind1="4" ind2=" " tag="510">
		<marc:subfield code="a">Halkett &amp; Laing (2nd ed.)</marc:subfield>
		<marc:subfield code="c">v.2, p.139</marc:subfield>
	</marc:datafield>
		<marc:datafield ind1=" " ind2=" " tag="520">
		<marc:subfield code="a">Footnotes</marc:subfield>
		<marc:subfield code="c">Middle</marc:subfield>
		<marc:subfield code="v">v.1</marc:subfield>
		<marc:subfield code="x">Located on p. 132. Reads: "To understand this it may be necessary to insert one stanza of the son to which the old woman alludes: 'Great Jove, the god of thunder, and Mars, the god of war; ---Neptune with his trident, Apollo in his car, ---And all the gods celestial, descended from their spheres, ---To view with admiration the British Grenadiers.'"</marc:subfield>
	</marc:datafield>
	<marc:datafield ind1=" " ind2=" " tag="520">
		<marc:subfield code="a">Footnotes</marc:subfield>
		<marc:subfield code="c">Middle</marc:subfield>
		<marc:subfield code="v">v.2</marc:subfield>
		<marc:subfield code="x">Located on p. 551. Reads: "The Pleasures of Memory, a poem."</marc:subfield>
	</marc:datafield>
	<marc:datafield tag="520" ind1=" " ind2=" ">
        <marc:subfield code="a">Errata</marc:subfield>
        <marc:subfield code="b">Errata.</marc:subfield>
        <marc:subfield code="c">Back</marc:subfield>
        <marc:subfield code="v">v.1</marc:subfield>     
   	</marc:datafield>
   	<marc:datafield tag="591" ind1=" " ind2=" ">
        <marc:subfield code="a">Dicimus autem hos quoque felices, qui ferre incommoda vitae, nec jactare jugum, vita didicere magistra.</marc:subfield>
        <marc:subfield code="2">Juv.</marc:subfield>
        <marc:subfield code="b">Satires</marc:subfield>            
        <marc:subfield code="c">Juvenal</marc:subfield>            
        <marc:subfield code="d">"But we call those also happy, who, to bear the inconveniences of life, not to toss the yoke have learnt, life being their mistress."</marc:subfield>
        <marc:subfield code="v">v.1</marc:subfield>
        <marc:subfield code="v">v.2</marc:subfield>
        <marc:subfield code="x">Translation from "A new and literal translation of Juvenal and Persius; with notes by M. Madan"</marc:subfield>
    </marc:datafield>
    <marc:datafield tag="592" ind1=" " ind2=" ">
        <marc:subfield code="a">Third-person</marc:subfield>
    </marc:datafield>
    <marc:datafield tag="599" ind1=" " ind2=" ">
        <marc:subfield code="a">Author (text)</marc:subfield>
        <marc:subfield code="b">Reference to other works</marc:subfield>
        <marc:subfield code="2">By the Author of Zeluco</marc:subfield>
        <marc:subfield code="3">Title Page</marc:subfield>
        <marc:subfield code="5">Indeterminate</marc:subfield>
        <marc:subfield code="6">Male</marc:subfield>
    </marc:datafield> 
	<marc:datafield ind1=" " ind2="7" tag="655">
		<marc:subfield code="a">Booksellers' advertisements</marc:subfield>
		<marc:subfield code="z">England</marc:subfield>
		<marc:subfield code="y">18th century.</marc:subfield>
		<marc:subfield code="2">rbgenr</marc:subfield>
	</marc:datafield>
	<marc:datafield ind1=" " ind2="4" tag="650">
		<marc:subfield code="a">%CHR 1796</marc:subfield>
	</marc:datafield>
	<marc:datafield tag="656" ind1=" " ind2=" ">
        <marc:subfield code="a">Mixed Genre</marc:subfield>
        <marc:subfield code="b">Back</marc:subfield>
        <marc:subfield code="c">Same author</marc:subfield>
        <marc:subfield code="v">v.2</marc:subfield>
		<marc:subfield code="x">Heading: "Just published, written by the same author,"</marc:subfield>
    </marc:datafield>
    <marc:datafield tag="656" ind1=" " ind2=" ">
        <marc:subfield code="a">Mixed Genre</marc:subfield>
        <marc:subfield code="b">Back</marc:subfield>
        <marc:subfield code="c">Same publisher</marc:subfield>
        <marc:subfield code="v">v.2</marc:subfield>
		<marc:subfield code="x">Heading: "Books printed for T. Cadell Jun. and W. Davies (Successors to Mr. Cadell) in the Strand."</marc:subfield>
    </marc:datafield>
	<marc:datafield ind1=" " ind2=" " tag="700">
		<marc:subfield code="a">Strahan, Andrew</marc:subfield>
		<marc:subfield code="d">1749-1831</marc:subfield>
		<marc:subfield code="4">Printed For</marc:subfield>
		<marc:subfield code="5">Authorized</marc:subfield>
	</marc:datafield>
    <marc:datafield tag="700" ind1=" " ind2=" ">
        <marc:subfield code="a">Cadell, Thomas</marc:subfield>
        <marc:subfield code="d">1742-1802</marc:subfield>
        <marc:subfield code="4">Printed For</marc:subfield>
        <marc:subfield code="5">Authorized</marc:subfield>
    </marc:datafield> 
    <marc:datafield tag="700" ind1=" " ind2=" ">
        <marc:subfield code="a">Cadell, Thomas</marc:subfield>
        <marc:subfield code="d">171.?-178.</marc:subfield>
        <marc:subfield code="4">Printed For</marc:subfield>
        <marc:subfield code="5">Authorized</marc:subfield>
    </marc:datafield> 
     <marc:datafield tag="700" ind1=" " ind2=" ">
        <marc:subfield code="a">Davies, William</marc:subfield>
		<marc:subfield code="d">17..-1819</marc:subfield>
        <marc:subfield code="4">Printed For</marc:subfield>
        <marc:subfield code="5">Unauthorized</marc:subfield>
    </marc:datafield>
	<marc:datafield ind1=" " ind2=" " tag="710">
		<marc:subfield code="a">Cadell &amp; Davies</marc:subfield>
		<marc:subfield code="4">Printed For</marc:subfield>
		<marc:subfield code="5">Authorized</marc:subfield>
	</marc:datafield>
	<marc:datafield ind1=" " ind2=" " tag="710">
		<marc:subfield code="a">A. Strahan; &amp; T. Cadell</marc:subfield>
		<marc:subfield code="4">Printed for</marc:subfield>
		<marc:subfield code="5">Authorized</marc:subfield>
	</marc:datafield>
    <marc:datafield tag="710" ind1="2" ind2=" ">
        <marc:subfield code="a">Early Novels</marc:subfield>
        <marc:subfield code="5">University of Pennsylvania</marc:subfield>
    </marc:datafield>
	<marc:datafield ind1="2" ind2=" " tag="710">
		<marc:subfield code="a">Collection of British and American Fiction, 1660-1830 (University of Pennsylvania)</marc:subfield>
		<marc:subfield code="5">PU</marc:subfield>
	</marc:datafield>
	<marc:datafield ind1=" " ind2=" " tag="950">
		<marc:subfield code="l">RBC</marc:subfield>
		<marc:subfield code="e">\\Another\copy\Singer-\Menden-\hall\</marc:subfield>
		<marc:subfield code="v">2 v.</marc:subfield>
		<marc:subfield code="i">03/19/87 C</marc:subfield>
	</marc:datafield>
	<marc:datafield ind1=" " ind2=" " tag="955">
		<marc:subfield code="l">RBC</marc:subfield>
		<marc:subfield code="c">1:(v.1-2)</marc:subfield>
		<marc:subfield code="q">621829-30</marc:subfield>
		<marc:subfield code="i">03/19/87 C</marc:subfield>
	</marc:datafield>
	<marc:datafield ind1=" " ind2=" " tag="955">
		<marc:subfield code="l">RBC</marc:subfield>
		<marc:subfield code="c">2:(v.1-2)</marc:subfield>
		<marc:subfield code="q">50-1048</marc:subfield>
		<marc:subfield code="s">Singer-Mendenhall</marc:subfield>
		<marc:subfield code="s">g. John C. Mendenhall</marc:subfield>
		<marc:subfield code="i">03/19/87 C</marc:subfield>
	</marc:datafield>
	<marc:datafield tag="989" ind1=" " ind2=" "> 
        <marc:subfield code="1">Zeluco</marc:subfield>
        <marc:subfield code="2">View</marc:subfield>
        <marc:subfield code="2">Life</marc:subfield>
        <marc:subfield code="2">Manner</marc:subfield>
        <marc:subfield code="2">Nature</marc:subfield>
        <marc:subfield code="2">Author</marc:subfield>
        <marc:subfield code="3">Various</marc:subfield>
        <marc:subfield code="3">Two</marc:subfield>
        <marc:subfield code="3">Human</marc:subfield>
        <marc:subfield code="4">England</marc:subfield>
        <marc:subfield code="5">Edward</marc:subfield>
        <marc:subfield code="6">Taken</marc:subfield>
        <marc:subfield code="8">Chiefly</marc:subfield>
    </marc:datafield>
    <marc:datafield tag="999" ind1=" " ind2=" ">
		<marc:subfield code="a">IC</marc:subfield>
		<marc:subfield code="b">6/25/18</marc:subfield>
		<marc:subfield code="c">University of Pennsylvania</marc:subfield>
		<marc:subfield code="d">DPL</marc:subfield>
	</marc:datafield>
</marc:record>