<marc:record>
	<marc:leader>01192cam a2200301   4500</marc:leader>
	<marc:controlfield tag="005">20141119144108.0</marc:controlfield>
	<marc:controlfield tag="008">870318s1796    enka          00001 eng d</marc:controlfield>
	<marc:controlfield tag="001">99599843503681</marc:controlfield>
	<marc:datafield ind1=" " ind2=" " tag="035">
		<marc:subfield code="a">(OCoLC)ocm04332988</marc:subfield>
	</marc:datafield>
	<marc:datafield ind1=" " ind2=" " tag="035">
		<marc:subfield code="a">(OCoLC)4332988</marc:subfield>
	</marc:datafield>
	<marc:datafield ind1=" " ind2=" " tag="035">
		<marc:subfield code="a">(CStRLIN)PAUG87-B7856</marc:subfield>
	</marc:datafield>
	<marc:datafield ind1=" " ind2=" " tag="035">
		<marc:subfield code="a">(CaOTULAS)185130409</marc:subfield>
	</marc:datafield>
	<marc:datafield ind1=" " ind2=" " tag="035">
		<marc:subfield code="9">AAG8682</marc:subfield>
	</marc:datafield>
	<marc:datafield ind1=" " ind2=" " tag="035">
		<marc:subfield code="a">59984</marc:subfield>
	</marc:datafield>
	<marc:datafield ind1=" " ind2=" " tag="035">
		<marc:subfield code="a">(PU)59984-penndb-Voyager</marc:subfield>
	</marc:datafield>
	<marc:datafield ind1=" " ind2=" " tag="035">
		<marc:subfield code="a">(PennHoldings)75627</marc:subfield>
	</marc:datafield>
	<marc:datafield ind1=" " ind2=" " tag="040">
		<marc:subfield code="a">CtY</marc:subfield>
		<marc:subfield code="c">CtY</marc:subfield>
		<marc:subfield code="d">PU</marc:subfield>
	</marc:datafield>
	<marc:datafield ind1=" " ind2=" " tag="090">
		<marc:subfield code="a">PR3757.W2</marc:subfield>
		<marc:subfield code="b">C3 1796</marc:subfield>
		<marc:subfield code="i">03/18/87 CT</marc:subfield>
	</marc:datafield>
	<marc:datafield ind1="1" ind2="0" tag="100">
		<marc:subfield code="a">Walpole, Horace,</marc:subfield>
		<marc:subfield code="d">1717-1797.</marc:subfield>
	</marc:datafield>
	<marc:datafield ind1="1" ind2="0" tag="245">
		<marc:subfield code="a">Jeffery's edition of The castle of Otranto,</marc:subfield>
		<marc:subfield code="b">a Gothic story.</marc:subfield>
		<marc:subfield code="c">Translated by William Marshal, gent. from the original Italian of Onuphrio Muralto, Canon of the Church of St. Nicholas at Otranto ...</marc:subfield>
	</marc:datafield>
	<marc:datafield ind1="3" ind2=" " tag="246">
        <marc:subfield code="a">Jeffery's Edition of the Castle of Otranto, a Gothic Story. Translated by William Marshal, Gent. From the Original Italian of Onuphrio Muralato, Canon of the Church of St. Nicholas At Otranto.</marc:subfield>
        <marc:subfield code="d">Letter-press</marc:subfield>
        <marc:subfield code="g">Full)</marc:subfield>
        <marc:subfield code="x">Work</marc:subfield>
    </marc:datafield>
	<marc:datafield ind1=" " ind2=" " tag="250">
		<marc:subfield code="a">A New Edition</marc:subfield>
	</marc:datafield>
	<marc:datafield ind1="0" ind2=" " tag="260">
		<marc:subfield code="a">London</marc:subfield>
		<marc:subfield code="b">Printed by Cooper and Graham, and sold by the publisher, No. II, Pall-Mall.</marc:subfield>
		<marc:subfield code="c">1796</marc:subfield>
		<marc:subfield code="c">1796.</marc:subfield>
	</marc:datafield>
	 <marc:datafield  ind1="0" ind2=" " tag="261">
        <marc:subfield code="b">Printed by Cooper and Graham, and sold by the publisher, No. II, Pall-Mall.</marc:subfield>
        <marc:subfield code="f">Cooper and Graham</marc:subfield>
    </marc:datafield>
	<marc:datafield ind1=" " ind2=" " tag="300">
		<marc:subfield code="a">xvi, 152 p., [7] leaves of plates :</marc:subfield>
		<marc:subfield code="b">col. ill. ;</marc:subfield>
		<marc:subfield code="c">21 cm.</marc:subfield>
		<marc:subfield code="x">Octavo</marc:subfield>
	</marc:datafield>
	<marc:datafield  ind1=" " ind2=" " tag="500">
        <marc:subfield code="a">Price on title page, transcription: Price One Pound Seven Shillings in Boards, with coloured Plates and Borders.</marc:subfield>
	</marc:datafield>
	<marc:datafield  ind1=" " ind2=" " tag="500">
        <marc:subfield code="a">Writing in pencil on title page, transcription: Written by Horace Walpole in 1764.</marc:subfield>
	</marc:datafield>
	<marc:datafield  ind1=" " ind2=" " tag="500">
        <marc:subfield code="a">Caption of frontispiece, transcription: Castello Di Otranto</marc:subfield>
	</marc:datafield>
	<marc:datafield  ind1=" " ind2=" " tag="500">
        <marc:subfield code="a">Caption of illustration between p.14 and p.15: Isabella E Monfredi.</marc:subfield>
	</marc:datafield>
	<marc:datafield  ind1=" " ind2=" " tag="500">
        <marc:subfield code="a">Caption of illustration between p.20 and p.21: Teodoro Ed Isabella.</marc:subfield>
	</marc:datafield>
	<marc:datafield  ind1=" " ind2=" " tag="500">
        <marc:subfield code="a">Caption of illustration between p.84 and p.85: Teodoro E Matilda.</marc:subfield>
	</marc:datafield>
	<marc:datafield  ind1=" " ind2=" " tag="500">
        <marc:subfield code="a">Caption of illustration between p.90 and p.91: Teodore Ed Isabella.</marc:subfield>
	</marc:datafield>
	<marc:datafield  ind1=" " ind2=" " tag="500">
        <marc:subfield code="a">Caption of illustration between p.96 and p.97: Federigo Teodoro Ed Isabella.</marc:subfield>
	</marc:datafield>
	<marc:datafield  ind1=" " ind2=" " tag="500">
        <marc:subfield code="a">Caption of illustration between p.122 and p.123: Gerolamo Ed Ippolita.</marc:subfield>
	</marc:datafield>
	<marc:datafield ind1="4" ind2=" " tag="510">
		<marc:subfield code="a">ESTC (RLIN)</marc:subfield>
		<marc:subfield code="c">T131070</marc:subfield>
	</marc:datafield>
	<marc:datafield ind1="4" ind2=" " tag="510">
		<marc:subfield code="a">Halkett &amp; Laing (2nd ed.)</marc:subfield>
		<marc:subfield code="c">I, p 292</marc:subfield>
	</marc:datafield>
	<marc:datafield ind1=" " ind2=" " tag="520">
        <marc:subfield code="a">Preface</marc:subfield>
        <marc:subfield code="b">Preface to the First Edition</marc:subfield>
        <marc:subfield code="c">Front</marc:subfield>
        <marc:subfield code="x">Transcription of first sentence: The following work was found in the library of an ancient Catholic family in the north of England.</marc:subfield>     
   	</marc:datafield>
	<marc:datafield ind1=" " ind2=" " tag="520">
        <marc:subfield code="a">Preface</marc:subfield>
        <marc:subfield code="b">Preface to the Second Edition</marc:subfield>
        <marc:subfield code="c">Front</marc:subfield>
        <marc:subfield code="x">Transcription of first sentence: The favourable mannr in which this little piece has been received by the public, calls upon the author to explain the ground on which he composed it.</marc:subfield>     
   	</marc:datafield>
   	<marc:datafield ind1=" " ind2=" " tag="591">
        <marc:subfield code="a">------Vanae Fingentur species tamen ut Pes, &amp; Caput uni Reddantur formae.------</marc:subfield>
        <marc:subfield code="2">Hor.</marc:subfield>
        <marc:subfield code="b">Ars Poetica</marc:subfield>            
        <marc:subfield code="c">Horace</marc:subfield>            
        <marc:subfield code="d">Nevertheless foot nor head can be assigned to a single shape</marc:subfield>
        <marc:subfield code="x">Translation source: Penguin Classics of The Castle of Otranto, the Introduction</marc:subfield>
    </marc:datafield>
    <marc:datafield tag="592" ind1=" " ind2=" ">
        <marc:subfield code="a">Third-person</marc:subfield>
    </marc:datafield>
    <marc:datafield ind1=" " ind2=" " tag="595">
        <marc:subfield code="a">Pencil</marc:subfield>
        <marc:subfield code="b">Reader markings</marc:subfield>
        <marc:subfield code="x">Transcription: Written by Horace Walpole in 1764; Location: Title page</marc:subfield>
	</marc:datafield>
    <marc:datafield ind1=" " ind2=" " tag="596">
        <marc:subfield code="a">Translation</marc:subfield>
        <marc:subfield code="b">Title Page</marc:subfield>
        <marc:subfield code="c">Italian</marc:subfield>
        <marc:subfield code="e">Translated by William Marshal, Gent. From the Original Italian of Onuphrio Muralato, Canon of the Church of St. Nicholas At Otranto.</marc:subfield>
	</marc:datafield>  
    <marc:datafield ind1=" " ind2=" " tag="599">
        <marc:subfield code="a">Author (text)</marc:subfield>
        <marc:subfield code="b">Proper name</marc:subfield>
        <marc:subfield code="2">From the Original Italian of Onuphrio Muralato, Canon of the Church of St. Nicholas At Otranto.</marc:subfield>
        <marc:subfield code="3">Title Page</marc:subfield>
        <marc:subfield code="5">Indeterminate</marc:subfield>
        <marc:subfield code="7">Book written by Horatio Walpole but the alleged author is apparently Onuphrio Muralto, who doesn't exist.</marc:subfield>
    </marc:datafield> 
    <marc:datafield  ind1=" " ind2=" " tag="599">
        <marc:subfield code="a">Translator (text)</marc:subfield>
        <marc:subfield code="b">Proper name</marc:subfield>
        <marc:subfield code="2">Translated by William Marshal, Gent.</marc:subfield>
        <marc:subfield code="3">Title Page</marc:subfield>
        <marc:subfield code="5">Male</marc:subfield>
        <marc:subfield code="7">William Marshal is Horatio Walpole's pseudonym.</marc:subfield>
    </marc:datafield> 
	<marc:datafield ind1=" " ind2="4" tag="650">
		<marc:subfield code="a">CHR 1796</marc:subfield>
	</marc:datafield>
	<marc:datafield ind1=" " ind2="4" tag="650">
		<marc:subfield code="a">PRO Camac, William (donor)</marc:subfield>
	</marc:datafield>
	<marc:datafield ind1="2" ind2=" " tag="710">
        <marc:subfield code="a">Early Novels</marc:subfield>
        <marc:subfield code="5">University of Pennsylvania</marc:subfield>
    </marc:datafield>
    <marc:datafield ind1="2" ind2=" " tag="710">
        <marc:subfield code="a">Collection of British and American Fiction, 1660-1830 (University of Pennsylvania)</marc:subfield>
        <marc:subfield code="5">University of Pennsylvania</marc:subfield>
    </marc:datafield>
	<marc:datafield ind1="2" ind2=" " tag="710">
		<marc:subfield code="a">Collection of British and American Fiction, 1660-1830 (University of Pennsylvania)</marc:subfield>
		<marc:subfield code="5">PU</marc:subfield>
	</marc:datafield>
	<marc:datafield ind1=" " ind2=" " tag="950">
		<marc:subfield code="l">RBC</marc:subfield>
		<marc:subfield code="i">03/18/87 C</marc:subfield>
	</marc:datafield>
	<marc:datafield ind1=" " ind2=" " tag="955">
		<marc:subfield code="l">RBC</marc:subfield>
		<marc:subfield code="c">1</marc:subfield>
		<marc:subfield code="q">335770</marc:subfield>
		<marc:subfield code="s">The Camac collection</marc:subfield>
		<marc:subfield code="i">03/18/87 C</marc:subfield>
	</marc:datafield>
	<marc:datafield  ind1=" " ind2=" " tag="989"> 
        <marc:subfield code="2">Castle</marc:subfield>
        <marc:subfield code="2">Story</marc:subfield>
        <marc:subfield code="2">Gent</marc:subfield>
        <marc:subfield code="2">Church</marc:subfield>
        <marc:subfield code="2">Canon</marc:subfield>
        <marc:subfield code="3">Gothic</marc:subfield>
        <marc:subfield code="3">Original</marc:subfield>
        <marc:subfield code="3">Italian</marc:subfield>
        <marc:subfield code="4">Otranto</marc:subfield>
        <marc:subfield code="5">Jeffery</marc:subfield>
        <marc:subfield code="5">William Marshal</marc:subfield>
        <marc:subfield code="5">Onuphrio Muralto</marc:subfield>
        <marc:subfield code="5">St. Nicholas</marc:subfield>
        <marc:subfield code="6">Translate</marc:subfield>
    </marc:datafield>
    <marc:datafield  ind1=" " ind2=" " tag="999">
		<marc:subfield code="a">IC</marc:subfield>
		<marc:subfield code="b">6/21/18</marc:subfield>
		<marc:subfield code="c">University of Pennsylvania</marc:subfield>
		<marc:subfield code="d">DPL</marc:subfield>
	</marc:datafield>
</marc:record>