
<marc:record>
    <marc:leader>01463cam a2200373 a 4500</marc:leader>
    <marc:controlfield tag="001">99725613503681</marc:controlfield>
    <marc:controlfield tag="005">20141119154112.0</marc:controlfield>
    <marc:controlfield tag="008">870116s1795    enk           00010 eng d</marc:controlfield>
    <marc:datafield tag="035" ind1=" " ind2=" ">
        <marc:subfield code="a">(OCoLC)ocm07130750</marc:subfield>
    </marc:datafield>
    <marc:datafield tag="035" ind1=" " ind2=" ">
        <marc:subfield code="a">(OCoLC)7130750</marc:subfield>
    </marc:datafield>
    <marc:datafield tag="035" ind1=" " ind2=" ">
        <marc:subfield code="a">(CStRLIN)PAUG87-B1415</marc:subfield>
    </marc:datafield>
    <marc:datafield tag="035" ind1=" " ind2=" ">
        <marc:subfield code="a">(CaOTULAS)185124900</marc:subfield>
    </marc:datafield>
    <marc:datafield tag="035" ind1=" " ind2=" ">
        <marc:subfield code="9">AAJ2581</marc:subfield>
    </marc:datafield>
    <marc:datafield tag="035" ind1=" " ind2=" ">
        <marc:subfield code="a">72561</marc:subfield>
    </marc:datafield>
    <marc:datafield tag="035" ind1=" " ind2=" ">
        <marc:subfield code="a">(PU)72561-penndb-Voyager</marc:subfield>
    </marc:datafield>
	<marc:datafield tag="035" ind1=" " ind2=" ">
		<marc:subfield code="a">(PennHoldings) 90270</marc:subfield>
	</marc:datafield>
    <marc:datafield tag="040" ind1=" " ind2=" ">
        <marc:subfield code="a">PU</marc:subfield>
        <marc:subfield code="c">PU</marc:subfield>
    </marc:datafield>
    <marc:datafield tag="041" ind1="1" ind2=" ">
        <marc:subfield code="a">eng</marc:subfield>
        <marc:subfield code="h">ger</marc:subfield>
    </marc:datafield>
    <marc:datafield tag="090" ind1=" " ind2=" ">
        <marc:subfield code="a">PT2542.T74</marc:subfield>
        <marc:subfield code="b">G413 1795</marc:subfield>
        <marc:subfield code="i">01/16/87 CT</marc:subfield>
    </marc:datafield>
    <marc:datafield tag="100" ind1="1" ind2="0">
        <marc:subfield code="a">Tschink, Kajetan,</marc:subfield>
        <marc:subfield code="d">1763-1813.</marc:subfield>
    </marc:datafield>
    <marc:datafield tag="240" ind1="1" ind2="0">
        <marc:subfield code="a">Geschichte eines Geistersehers.</marc:subfield>
        <marc:subfield code="l">English</marc:subfield>
    </marc:datafield>
    <marc:datafield tag="245" ind1="0" ind2="4">
        <marc:subfield code="a">The victim of magical delusion, or The mystery of the revolution of P----l :</marc:subfield>
        <marc:subfield code="b">a magico-political tale /</marc:subfield>
        <marc:subfield code="c">founded on historical facts and translated from the German of Cajetan Tschink by P. Will.</marc:subfield>
        <marc:subfield code="n">vol.I</marc:subfield>
    </marc:datafield>
    <marc:datafield tag="245" ind1="0" ind2="4">
        <marc:subfield code="a">The victim of magical delusion, or The mystery of the revolution of P----l :</marc:subfield>
        <marc:subfield code="b">a magico-political tale /</marc:subfield>
        <marc:subfield code="c">founded on historical facts and translated from the German of Cajetan Tschink by P. Will.</marc:subfield>
        <marc:subfield code="n">vol.II</marc:subfield>
    </marc:datafield>
    <marc:datafield tag="245" ind1="0" ind2="4">
        <marc:subfield code="a">The victim of magical delusion, or The mystery of the revolution of P----l :</marc:subfield>
        <marc:subfield code="b">a magico-political tale /</marc:subfield>
        <marc:subfield code="c">founded on historical facts and translated from the German of Cajetan Tschink by P. Will.</marc:subfield>
        <marc:subfield code="n">vol.III</marc:subfield> 
    </marc:datafield>
    <marc:datafield tag="246" ind1=" " ind2=" ">
        <marc:subfield code="a">The victim of magical delusion. Vol. I.</marc:subfield>
        <marc:subfield code="d">Letter-press</marc:subfield>
        <marc:subfield code="g">Half</marc:subfield>
        <marc:subfield code="x">Volume</marc:subfield>
        <marc:subfield code="v">v.1</marc:subfield>
    </marc:datafield>   
	    <marc:datafield tag="246" ind1=" " ind2=" ">
        <marc:subfield code="a">The victim of magical delusion, or the mystery of the revolution of P----l: A magico-political tale. Founded on historical facts and  translated from the German of Cajetan Tschink. By P. Will. Vol. I.</marc:subfield>
        <marc:subfield code="d">Letter-press</marc:subfield>
        <marc:subfield code="g">Full</marc:subfield>
        <marc:subfield code="x">Volume</marc:subfield>
        <marc:subfield code="v">v.1</marc:subfield>
    </marc:datafield>
    <marc:datafield tag="246" ind1=" " ind2=" ">
        <marc:subfield code="a">The victim of magical delusion. Vol. II.</marc:subfield>
        <marc:subfield code="d">Letter-press</marc:subfield>
        <marc:subfield code="g">Half</marc:subfield>
        <marc:subfield code="x">Volume</marc:subfield>
        <marc:subfield code="v">v.2</marc:subfield> 
    </marc:datafield>
	 <marc:datafield tag="246" ind1=" " ind2=" ">
        <marc:subfield code="a">The victim of magical delusion, or the mystery of the revolution of P----l: A magico-political tale. Founded on historical facts and  translated from the German of Cajetan Tschink. By P. Will. Vol. II.</marc:subfield>
        <marc:subfield code="d">Letter-press</marc:subfield>
        <marc:subfield code="g">Full</marc:subfield>
        <marc:subfield code="x">Volume</marc:subfield>
        <marc:subfield code="v">v.2</marc:subfield> 
    </marc:datafield>
    <marc:datafield tag="246" ind1=" " ind2=" ">
        <marc:subfield code="a">The victim of magical delusion. Vol. III.</marc:subfield>
        <marc:subfield code="d">Letter-press</marc:subfield>
        <marc:subfield code="g">Half</marc:subfield>
        <marc:subfield code="x">Volume</marc:subfield>
        <marc:subfield code="v">v.3</marc:subfield>     
    </marc:datafield>
    <marc:datafield tag="246" ind1=" " ind2=" ">
        <marc:subfield code="a">The victim of magical delusion, or the mystery of the revolution of P----l: A magico-political tale. Founded on historical facts and  translated from the German of Cajetan Tschink. By P. Will. Vol. III.</marc:subfield>
        <marc:subfield code="d">Letter-press</marc:subfield>
        <marc:subfield code="g">Full</marc:subfield>
        <marc:subfield code="x">Volume</marc:subfield>
        <marc:subfield code="v">v.3</marc:subfield> 
    </marc:datafield>
    <marc:datafield tag="246" ind1="0" ind2="7">
        <marc:subfield code="a">The victim of magical delusion.</marc:subfield>
        <marc:subfield code="v">v.1</marc:subfield>
        <marc:subfield code="v">v.2</marc:subfield>
        <marc:subfield code="v">v.3</marc:subfield>
    </marc:datafield>
    <marc:datafield tag="246" ind1="0" ind2="7">
        <marc:subfield code="a">The victim of (verso)</marc:subfield> 
        <marc:subfield code="a">magical delusion.(recto)</marc:subfield>
        <marc:subfield code="v">v.1</marc:subfield>
        <marc:subfield code="v">v.2</marc:subfield>
        <marc:subfield code="v">v.3</marc:subfield>
    </marc:datafield>
    <marc:datafield tag="260" ind1=" " ind2=" ">
        <marc:subfield code="a">London</marc:subfield>
        <marc:subfield code="b">Printed for G. G. and J. Robinson, Pater-Noster-Row.</marc:subfield>
        <marc:subfield code="c">1795</marc:subfield>
        <marc:subfield code="c">1795.</marc:subfield>
        <marc:subfield code="v">v.1</marc:subfield>
        <marc:subfield code="v">v.2</marc:subfield>
        <marc:subfield code="v">v.3</marc:subfield>
    </marc:datafield>
    <marc:datafield tag="300" ind1=" " ind2=" ">
        <marc:subfield code="a">3 v. ;</marc:subfield>
        <marc:subfield code="c">18 cm. (12mo)</marc:subfield>
        <marc:subfield code="x">Duodecimo</marc:subfield>
    </marc:datafield>
    <marc:datafield tag="490" ind1="0" ind2=" ">
        <marc:subfield code="a">Collection of British and American Fiction, 1660-1830 (University of Pennsylvania)</marc:subfield>
    </marc:datafield>
    <marc:datafield tag="500" ind1=" " ind2=" ">
        <marc:subfield code="a">Translation of: Geschichte eines Geistersehers.</marc:subfield>
    </marc:datafield>
    <marc:datafield tag="500" ind1=" " ind2=" ">
        <marc:subfield code="a">Errata to v. 1-3: v. 3, p. [xii]-[xiv] at end.</marc:subfield>
    </marc:datafield>
    <marc:datafield tag="510" ind1="4" ind2=" ">
        <marc:subfield code="a">Goedeke, K., 2. Aufl.</marc:subfield>
        <marc:subfield code="c">Bd. 5, p. 518, no. 2</marc:subfield>
    </marc:datafield>
    <marc:datafield tag="510" ind1="4" ind2=" ">
        <marc:subfield code="a">ESTC</marc:subfield>
        <marc:subfield code="c">T70083</marc:subfield>
    </marc:datafield>
    <marc:datafield tag="510" ind1="4" ind2=" ">
        <marc:subfield code="a">English novel, 1770-1829,</marc:subfield>
        <marc:subfield code="c">1795:44</marc:subfield>
    </marc:datafield>
    <marc:datafield tag="510" ind1="4" ind2=" ">
        <marc:subfield code="a">Block, A.  Engl. novel (1961 ed.),</marc:subfield>
        <marc:subfield code="c">p.241</marc:subfield>
    </marc:datafield>
    <marc:datafield tag="520" ind1=" " ind2=" ">
        <marc:subfield code="a">Preface</marc:subfield>
        <marc:subfield code="c">Front</marc:subfield>
        <marc:subfield code="v">v.1</marc:subfield>
        <marc:subfield code="x">Incomplete preface. Begins on page "(v)" and ends on page "(vii)"; First sentence: "(...)Spain, and the readers of these pages will require no farther proofs of the baneful consequences which have originated from his errors."; Last sentence: "The translator has nothing to add, but to apologize for the foreign idoms which may perhaps occur to the discerning eyes of the keen-sighted critic, and hopes that his labor will contribute, at least something to the destruction of fanaticism in this country."; Signed: "P. Will."</marc:subfield>
    </marc:datafield>
    <marc:datafield tag="520" ind1=" " ind2=" ">
        <marc:subfield code="a">To the Reader</marc:subfield>
        <marc:subfield code="b">The translator's address to his thinking readers.</marc:subfield>
        <marc:subfield code="c">Back</marc:subfield>
        <marc:subfield code="v">v.3</marc:subfield>
        <marc:subfield code="x">First sentence: "Before the translator takes leave of the reader, who he will not withold a tear of tender pity from the hero of the preceding pages, when informed that the mournful tale of his deviations nd hapless fate is not the offspring of imaginary fiction, but founded on historical facts, recording in Abbe Vertot's excellent history of the Revolution of Portugal; he deems it his duty as a man, and as a Christian, to put his young friends, who will peruse his translation, in a way to avoid the snares of superstition, the dire effects of which are the theme of the preceding volumes."</marc:subfield>
    </marc:datafield>
    <marc:datafield tag="520" ind1=" " ind2=" ">
        <marc:subfield code="a">Errata</marc:subfield>
        <marc:subfield code="b">Errata.</marc:subfield>
        <marc:subfield code="c">Back</marc:subfield>
        <marc:subfield code="v">v.3</marc:subfield>
        <marc:subfield code="x">Transcription of N.B.: "N.B  The great distance of the translator's abode from the printing-office, having made it impossible he could have corrected the proofs himself, many errata have crept into the precedung volumes, which he begs leave to point out to the reader."; Contains errata for all three volumes</marc:subfield>
    </marc:datafield>   
    <marc:datafield tag="592" ind1=" " ind2=" ">
        <marc:subfield code="a">First-person</marc:subfield>
    </marc:datafield>
    <marc:datafield tag="595" ind1=" " ind2=" ">
        <marc:subfield code="a">Ink</marc:subfield>
        <marc:subfield code="b">Words</marc:subfield>
        <marc:subfield code="v">v.1</marc:subfield>
        <marc:subfield code="x">Located on full title page, transcription: "ortugal"; The reader is filling the name of the country "P----l"in title.</marc:subfield>
    </marc:datafield>
	 <marc:datafield tag="595" ind1=" " ind2=" ">
        <marc:subfield code="a">Ink</marc:subfield>
        <marc:subfield code="b">Words</marc:subfield>
        <marc:subfield code="v">v.1</marc:subfield>
        <marc:subfield code="x">Located on pgs. 3-4; Transcription: "Caminha", "executed for a conspiracy against John 4 in 1641", and "ortugal"</marc:subfield>
    </marc:datafield>
    <marc:datafield tag="595" ind1=" " ind2=" ">
        <marc:subfield code="a">Pencil</marc:subfield>
        <marc:subfield code="b">Words</marc:subfield>
        <marc:subfield code="v">v.2</marc:subfield>
        <marc:subfield code="x">Located on full title page. Transcription: "ortugal"; The reader is filling the name of the country "P----l".</marc:subfield>
    </marc:datafield>
    <marc:datafield tag="596" ind1=" " ind2=" ">
        <marc:subfield code="a">Translation</marc:subfield>
        <marc:subfield code="b">Title Page</marc:subfield>
		<marc:subfield code="c">German</marc:subfield>
        <marc:subfield code="e">Founded on historical facts, and translated from the German of Cajetan Tschink.</marc:subfield>
    </marc:datafield>
	<marc:datafield tag="596" ind1=" " ind2=" ">
		<marc:subfield code="a">Translation</marc:subfield>
		<marc:subfield code="b">Preface</marc:subfield>
		<marc:subfield code="c">German</marc:subfield>
		<marc:subfield code="e">The Translator has nothing to add, but to apoogize for the foreign idoms which may perhaps occur to the discerning eyes of the keen-sighted critic, and hopes that his labour will contribute, at least something to the destruction of fanaticism in this country.</marc:subfield>
	</marc:datafield>
	<marc:datafield tag="599" ind1=" " ind2=" ">
		<marc:subfield code="a">Author (text)</marc:subfield>
		<marc:subfield code="b">Proper name</marc:subfield>
		<marc:subfield code="2">Founded on historica facts, and translated from the German of Cajetan Tschink.</marc:subfield>
		<marc:subfield code="3">Title Page</marc:subfield>
		<marc:subfield code="5">Male</marc:subfield>
		<marc:subfield code="6">Male</marc:subfield>
		<marc:subfield code="v">v.1</marc:subfield>
		<marc:subfield code="v">v.2</marc:subfield>
		<marc:subfield code="v">v.3</marc:subfield>
	</marc:datafield>
    <marc:datafield tag="599" ind1=" " ind2=" ">
        <marc:subfield code="a">Translator (text)</marc:subfield>
        <marc:subfield code="b">Proper name</marc:subfield>
        <marc:subfield code="2">Founded on historical facts, and translated from the German of Cajetan Tschink. ---By P. Will</marc:subfield>
        <marc:subfield code="3">Title Page</marc:subfield>
        <marc:subfield code="5">Male</marc:subfield>
        <marc:subfield code="6">Male</marc:subfield>
        <marc:subfield code="v">v.1</marc:subfield>
        <marc:subfield code="v">v.2</marc:subfield>
        <marc:subfield code="v">v.3</marc:subfield>
    </marc:datafield>
    <marc:datafield tag="599" ind1=" " ind2=" ">
        <marc:subfield code="a">Author (paratext)</marc:subfield>
        <marc:subfield code="b">Proper name</marc:subfield>
        <marc:subfield code="2">The translator has nothing to add, but to apologize for the foreign idioms which may perhaps occur to the discerning eyes of the keen-sighted critic, and hopes that his labor will contribute, at least something to the desctruction of fanaticism in this century. ---P. Will.</marc:subfield>
        <marc:subfield code="3">Preface</marc:subfield>
        <marc:subfield code="5">Male</marc:subfield>
        <marc:subfield code="6">Male</marc:subfield>
        <marc:subfield code="v">v.1</marc:subfield>
    </marc:datafield>
	<marc:datafield tag="599" ind1=" " ind2=" ">
		<marc:subfield code="a">Author (paratext)</marc:subfield>
		<marc:subfield code="b">Generic/descriptive</marc:subfield>
		<marc:subfield code="2">The translator's address to his thinking readers.</marc:subfield>
		<marc:subfield code="3">To the Reader</marc:subfield>
		<marc:subfield code="5">Male</marc:subfield>
		<marc:subfield code="6">Male</marc:subfield>
		<marc:subfield code="v">v.3</marc:subfield>
	</marc:datafield>
    <marc:datafield tag="599" ind1=" " ind2=" ">
        <marc:subfield code="a">Translator (text)</marc:subfield>
        <marc:subfield code="b">Generic/Descriptive</marc:subfield>
        <marc:subfield code="2">"The great distance of the Translator's abode from the printing office, having made it impossible he could have corrected the proofs himself, many errata have crept into the preceding volumes, which he begs leave to point out to the reader."</marc:subfield>
        <marc:subfield code="3">Errata</marc:subfield>
        <marc:subfield code="5">Male</marc:subfield>
        <marc:subfield code="6">Male</marc:subfield>
        <marc:subfield code="v">v.3</marc:subfield>
    </marc:datafield>
    <marc:datafield tag="650" ind1=" " ind2="4">
        <marc:subfield code="a">CHR 1795</marc:subfield>
    </marc:datafield>
    <marc:datafield tag="700" ind1=" " ind2=" ">
        <marc:subfield code="a">Will, Peter</marc:subfield>
        <marc:subfield code="d">1764-1839</marc:subfield>
        <marc:subfield code="4">Author (paratext)</marc:subfield>
        <marc:subfield code="5">Authorized</marc:subfield>
    </marc:datafield>
    <marc:datafield tag="700" ind1=" " ind2=" ">
        <marc:subfield code="a">Will, Peter</marc:subfield>
        <marc:subfield code="d">1764-1839</marc:subfield>
        <marc:subfield code="4">Translator (text)</marc:subfield>
        <marc:subfield code="5">Authorized</marc:subfield>
    </marc:datafield>
    <marc:datafield tag="700" ind1=" " ind2=" ">
        <marc:subfield code="a">Tschink, Cajetan</marc:subfield>
        <marc:subfield code="d">1763-1813</marc:subfield>
        <marc:subfield code="4">Author (text)</marc:subfield>
        <marc:subfield code="5">Authorized</marc:subfield>
    </marc:datafield>
	<marc:datafield tag="700" ind1=" " ind2=" ">
		<marc:subfield code="a">Robinson, George</marc:subfield>
		<marc:subfield code="d">1736-1801</marc:subfield>
		<marc:subfield code="4">Printed for</marc:subfield>
		<marc:subfield code="5">Authorized</marc:subfield>
	</marc:datafield>
	<marc:datafield tag="700" ind1=" " ind2=" ">
		<marc:subfield code="a">Robinson, George</marc:subfield>
		<marc:subfield code="d">-1811</marc:subfield>
		<marc:subfield code="4">Printed for</marc:subfield>
		<marc:subfield code="5">Authorized</marc:subfield>
	</marc:datafield>
	<marc:datafield tag="700" ind1=" " ind2=" ">
		<marc:subfield code="a">Robinson, John</marc:subfield>
		<marc:subfield code="d">1753-1813</marc:subfield>
		<marc:subfield code="4">Printed for</marc:subfield>
		<marc:subfield code="5">Authorized</marc:subfield>
	</marc:datafield>
    <marc:datafield tag="710" ind1=" " ind2=" ">
        <marc:subfield code="a">G.G and J. Robinson</marc:subfield>
        <marc:subfield code="4">Printed for</marc:subfield>
        <marc:subfield code="5">Authorized</marc:subfield>
    </marc:datafield>
    <marc:datafield tag="710" ind1="2" ind2=" ">
        <marc:subfield code="a">Early Novels</marc:subfield>
        <marc:subfield code="5">Univerisity of Pennsylvania</marc:subfield>
    </marc:datafield>
    <marc:datafield tag="740" ind1="0" ind2="2">
        <marc:subfield code="a">Victim of magical delusion.</marc:subfield>
    </marc:datafield>
    <marc:datafield tag="950" ind1=" " ind2=" ">
        <marc:subfield code="l">RBC</marc:subfield>
        <marc:subfield code="v">3 v.</marc:subfield>
        <marc:subfield code="i">01/16/87 C</marc:subfield>
    </marc:datafield>
    <marc:datafield tag="955" ind1=" " ind2=" ">
        <marc:subfield code="l">RBC</marc:subfield>
        <marc:subfield code="c">1:(v.1-3)</marc:subfield>
        <marc:subfield code="q">51-2439</marc:subfield>
        <marc:subfield code="i">01/16/87 C</marc:subfield>
    </marc:datafield>
    <marc:datafield tag="989" ind1=" " ind2=" ">
        <marc:subfield code="2">Victim</marc:subfield>
        <marc:subfield code="3">Magical</marc:subfield>
        <marc:subfield code="2">Delusion</marc:subfield>
        <marc:subfield code="2">Mystery</marc:subfield>
        <marc:subfield code="2">Revolution</marc:subfield>
        <marc:subfield code="4">P----l</marc:subfield>
        <marc:subfield code="3">Magico-political</marc:subfield>
        <marc:subfield code="2">Tale</marc:subfield>
        <marc:subfield code="6">Found</marc:subfield>
        <marc:subfield code="3">Historical</marc:subfield>
        <marc:subfield code="2">Fact</marc:subfield>
        <marc:subfield code="6">Translate</marc:subfield>
        <marc:subfield code="2">German</marc:subfield>
        <marc:subfield code="4">Cajetan Tschink</marc:subfield>
        <marc:subfield code="2">P. Will</marc:subfield>
    </marc:datafield>
    <marc:datafield tag="999" ind1=" " ind2=" ">
        <marc:subfield code="a">DPL</marc:subfield>
        <marc:subfield code="b">6/6/2018</marc:subfield>
        <marc:subfield code="c">Univerisity of Pennsylvania</marc:subfield>
        <marc:subfield code="d">OF</marc:subfield>
    </marc:datafield>
</marc:record>