
<marc:record>
	<marc:leader>01201cam a2200313 a 4500</marc:leader>
	<marc:controlfield tag="005">20141119154346.0</marc:controlfield>
	<marc:controlfield tag="008">870127s1796    mauaf         00010 eng d</marc:controlfield>
	<marc:controlfield tag="001">99731393503681</marc:controlfield>
	<marc:datafield ind1=" " ind2=" " tag="035">
		<marc:subfield code="a">(OCoLC)ocm10405958</marc:subfield>
	</marc:datafield>
	<marc:datafield ind1=" " ind2=" " tag="035">
		<marc:subfield code="a">(OCoLC)10405958</marc:subfield>
	</marc:datafield>
	<marc:datafield ind1=" " ind2=" " tag="035">
		<marc:subfield code="a">(CStRLIN)PAUG87-B2185</marc:subfield>
	</marc:datafield>
	<marc:datafield ind1=" " ind2=" " tag="035">
		<marc:subfield code="a">(CaOTULAS)185128335</marc:subfield>
	</marc:datafield>
	<marc:datafield ind1=" " ind2=" " tag="035">
		<marc:subfield code="9">AAJ3195</marc:subfield>
	</marc:datafield>
	<marc:datafield ind1=" " ind2=" " tag="035">
		<marc:subfield code="a">73139</marc:subfield>
	</marc:datafield>
	<marc:datafield ind1=" " ind2=" " tag="035">
		<marc:subfield code="a">(PU)73139-penndb-Voyager</marc:subfield>
	</marc:datafield>
	<marc:datafield ind1=" " ind2=" " tag="035">
		<marc:subfield code="a">(PennHoldings)90933</marc:subfield>
	</marc:datafield>
	<marc:datafield ind1=" " ind2=" " tag="040">
		<marc:subfield code="a">PU</marc:subfield>
		<marc:subfield code="c">PU</marc:subfield>
	</marc:datafield>
	<marc:datafield ind1="1" ind2=" " tag="041">
		<marc:subfield code="a">eng</marc:subfield>
		<marc:subfield code="h">fre</marc:subfield>
	</marc:datafield>
	<marc:datafield ind1=" " ind2=" " tag="090">
		<marc:subfield code="a">PQ2065.P3</marc:subfield>
		<marc:subfield code="b">E5 1796</marc:subfield>
		<marc:subfield code="i">01/27/87 CT</marc:subfield>
	</marc:datafield>
	<marc:datafield ind1="2" ind2="0" tag="100">
		<marc:subfield code="a">Saint-Pierre, Bernardin de,</marc:subfield>
		<marc:subfield code="d">1737-1814.</marc:subfield>
	</marc:datafield>
	<marc:datafield ind1="1" ind2="0" tag="240">
		<marc:subfield code="a">Paul et Virginie.</marc:subfield>
		<marc:subfield code="l">English</marc:subfield>
	</marc:datafield>
	<marc:datafield ind1="1" ind2="0" tag="245">
		<marc:subfield code="a">Paul and Virginia :</marc:subfield>
		<marc:subfield code="b">an Indian story /</marc:subfield>
		<marc:subfield code="c">translated from the French of H. H. B. de Saint Pierre ... by H. Hunter, D.D. : embellished with engravings.</marc:subfield>
	</marc:datafield>
	<marc:datafield tag="246" ind1="3" ind2=" ">
        <marc:subfield code="a">Paul and Virginia, an Indian story, translated from the French of H. B. De Saint Pierre, Author of the Studies of Nature, by H. Hunter, D. D. Embellished with Engravings.</marc:subfield>
        <marc:subfield code="d">Letter-press</marc:subfield>
        <marc:subfield code="g">Full</marc:subfield>
        <marc:subfield code="x">Work</marc:subfield>
    </marc:datafield>
    <marc:datafield tag="246" ind1="0" ind2="7">
        <marc:subfield code="a">Paul and Virginia.</marc:subfield>
    </marc:datafield>
    <marc:datafield tag="246" ind1="0" ind2="7">
        <marc:subfield code="a">Paul and Virginia. (verso)</marc:subfield>
        <marc:subfield code="a">Paul and Virginia. (recto)</marc:subfield>
    </marc:datafield>
	<marc:datafield ind1="0" ind2=" " tag="260">
		<marc:subfield code="a">Boston</marc:subfield>
		<marc:subfield code="b">Printed for W. Spotswood &amp; J. Nancrede.</marc:subfield>
		<marc:subfield code="c">1796.</marc:subfield>
		<marc:subfield code="c">1796.</marc:subfield>
	</marc:datafield>
	<marc:datafield ind1=" " ind2=" " tag="300">
		<marc:subfield code="a">264 p., [3] leaves of plates (1 folded) :</marc:subfield>
		<marc:subfield code="b">ill. (engravings) ;</marc:subfield>
		<marc:subfield code="c">11 cm. (16mo)</marc:subfield>
		<marc:subfield code="c">Sextodecimo</marc:subfield>
	</marc:datafield>
	<marc:datafield ind1=" " ind2=" " tag="500">
		<marc:subfield code="a">Translation of: Paul et Virginie.</marc:subfield>
	</marc:datafield>
	<marc:datafield tag="500" ind1=" " ind2=" ">
        <marc:subfield code="a">Caption of Frontispiece, transcription: L'Enfancede Paul et Virginie. The Infancy of Paul &amp; Virginia.</marc:subfield>
	</marc:datafield>
	<marc:datafield tag="500" ind1=" " ind2=" ">
        <marc:subfield code="a">Caption of illustration between p.222 and p.223, transcription: Naufrage -  Mort de Virginie. Shipwreck - Death of Virginia.</marc:subfield>
	</marc:datafield>
	<marc:datafield tag="500" ind1=" " ind2=" ">
        <marc:subfield code="a">Fold out illustration between p.218 and p.219. It's missing a portion of its illustration.</marc:subfield>
	</marc:datafield>
	<marc:datafield tag="500" ind1=" " ind2=" ">
        <marc:subfield code="a">Writing in red in beginning blank pages: "[Illegible]" and "March 7th 1817"; "Sarah [Illegible]" and "J W James"</marc:subfield>
	</marc:datafield>
	<marc:datafield ind1="4" ind2=" " tag="510">
		<marc:subfield code="a">Evans</marc:subfield>
		<marc:subfield code="c">31150</marc:subfield>
	</marc:datafield>
	<marc:datafield ind1="4" ind2=" " tag="510">
		<marc:subfield code="a">ESTC</marc:subfield>
		<marc:subfield code="c">W232</marc:subfield>
	</marc:datafield>
	<marc:datafield tag="520" ind1=" " ind2=" ">
        <marc:subfield code="a">Footnotes</marc:subfield>
        <marc:subfield code="c">Middle</marc:subfield>
        <marc:subfield code="x">Transcription of first sentence of footnote on p. 46-47: There are many mountains, the summits of which are rounded into the form of a woman's breast, and bear that name in all languages.</marc:subfield>     
   	</marc:datafield>
   	<marc:datafield tag="520" ind1=" " ind2=" ">
        <marc:subfield code="a">Footnotes</marc:subfield>
        <marc:subfield code="c">Middle</marc:subfield>
        <marc:subfield code="x">Transcription of footnote on p. 53: This trait of sagacity in the black Domingo and his dog, Fidele, very much resembles that of the savage Tewenissa, and his dog Oniah, mentioned by M. de Crevecaur, in his humane Work, entitled, Letters of an American Farmer.</marc:subfield>     
   	</marc:datafield>
   	<marc:datafield tag="591" ind1=" " ind2=" ">
        <marc:subfield code="a">... Miseris succurrere disco.</marc:subfield>
        <marc:subfield code="1">Aeneid, Lib. I.</marc:subfield>
        <marc:subfield code="b">Aeneid</marc:subfield>            
        <marc:subfield code="c">Virgil</marc:subfield>            
        <marc:subfield code="d">I have learned to succour the distressed.</marc:subfield>
        <marc:subfield code="x">Translation source: On second line of the epigraph after the source.</marc:subfield>
    </marc:datafield>
    <marc:datafield tag="592" ind1=" " ind2=" ">
        <marc:subfield code="a">First-person</marc:subfield>
    </marc:datafield>
    <marc:datafield tag="594" ind1=" " ind2=" ">
	    <marc:subfield code="a">Sarah [Illegible] March 7th 1817</marc:subfield>
		<marc:subfield code="b">Pencil</marc:subfield>
		<marc:subfield code="x">Location: front free endpaper</marc:subfield>
	</marc:datafield>
    <marc:datafield tag="594" ind1=" " ind2=" ">
	    <marc:subfield code="a">J W James</marc:subfield>
		<marc:subfield code="b">Pencil</marc:subfield>
		<marc:subfield code="x">Location: front free endpaper</marc:subfield>
	</marc:datafield>
    <marc:datafield tag="596" ind1=" " ind2=" ">
        <marc:subfield code="a">Translation</marc:subfield>
        <marc:subfield code="b">Title Page</marc:subfield>
        <marc:subfield code="c">French</marc:subfield>
        <marc:subfield code="e">Translated from the French of H. B. De Saint Pierre</marc:subfield>
	</marc:datafield>  
    <marc:datafield tag="599" ind1=" " ind2=" ">
        <marc:subfield code="a">Author (text)</marc:subfield>
        <marc:subfield code="b">Proper name</marc:subfield>
        <marc:subfield code="2">Translated from the French of H. B. De Saint Pierre</marc:subfield>
        <marc:subfield code="3">Title Page</marc:subfield>
        <marc:subfield code="5">Male</marc:subfield>
        <marc:subfield code="6">Male</marc:subfield>
    </marc:datafield> 
       <marc:datafield tag="599" ind1=" " ind2=" ">
        <marc:subfield code="a">Translator (text)</marc:subfield>
        <marc:subfield code="b">Proper name</marc:subfield>
        <marc:subfield code="2">By H. Hunter</marc:subfield>
        <marc:subfield code="3">Title Page</marc:subfield>
        <marc:subfield code="5">Indeterminate</marc:subfield>
        <marc:subfield code="5">Male</marc:subfield>
    </marc:datafield> 
	<marc:datafield ind1=" " ind2="4" tag="650">
		<marc:subfield code="a">CHR 1796</marc:subfield>
	</marc:datafield>
	<marc:datafield ind1="1" ind2="0" tag="700">
		<marc:subfield code="a">Hunter, Henry,</marc:subfield>
		<marc:subfield code="d">1741-1802.</marc:subfield>
		<marc:subfield code="4">Translator (text)</marc:subfield>
		<marc:subfield code="5">Authorized</marc:subfield>
	</marc:datafield>
	<marc:datafield tag="700" ind1=" " ind2=" ">
        <marc:subfield code="a">Bernardin de Saint-Pierre, Henri</marc:subfield>
        <marc:subfield code="d">1737-1814</marc:subfield>
        <marc:subfield code="4">Author (text)</marc:subfield>
        <marc:subfield code="5">Authorized</marc:subfield>
    </marc:datafield>
    <marc:datafield tag="700" ind1=" " ind2=" ">
        <marc:subfield code="a">Spotswood, William</marc:subfield>
        <marc:subfield code="d">1753?-1805</marc:subfield>
        <marc:subfield code="4">Printed for</marc:subfield>
        <marc:subfield code="5">Authorized</marc:subfield>
    </marc:datafield> 
    <marc:datafield tag="700" ind1=" " ind2=" ">
        <marc:subfield code="a">Nancrede, Joseph</marc:subfield>
        <marc:subfield code="d">1761-1841</marc:subfield>
        <marc:subfield code="4">Printed for</marc:subfield>
        <marc:subfield code="5">Authorized</marc:subfield>
    </marc:datafield>
    <marc:datafield tag="700" ind1=" " ind2=" ">
        <marc:subfield code="a">Sarah</marc:subfield>
        <marc:subfield code="4">Inscribed by</marc:subfield>
        <marc:subfield code="5">Unauthorized</marc:subfield>
    </marc:datafield>
    <marc:datafield tag="700" ind1=" " ind2=" ">
        <marc:subfield code="a">J W James</marc:subfield>
        <marc:subfield code="4">Inscribed by</marc:subfield>
        <marc:subfield code="5">Unauthorized</marc:subfield>
    </marc:datafield>
     <marc:datafield tag="710" ind1=" " ind2=" ">
        <marc:subfield code="a">W. Spotswood and J. Nancrede (Firm)</marc:subfield>
        <marc:subfield code="4">Printed for</marc:subfield>
        <marc:subfield code="5">Authorized</marc:subfield>
    </marc:datafield>          
	<marc:datafield tag="710" ind1="2" ind2=" ">
        <marc:subfield code="a">Early Novels</marc:subfield>
        <marc:subfield code="5">University of Pennsylvania</marc:subfield>
    </marc:datafield>
	<marc:datafield ind1="2" ind2=" " tag="710">
		<marc:subfield code="a">Collection of British and American Fiction, 1660-1830 (University of Pennsylvania)</marc:subfield>
		<marc:subfield code="5">PU</marc:subfield>
	</marc:datafield>
	<marc:datafield ind1=" " ind2=" " tag="950">
		<marc:subfield code="l">RBC</marc:subfield>
		<marc:subfield code="i">01/27/87 C</marc:subfield>
	</marc:datafield>
	<marc:datafield ind1=" " ind2=" " tag="955">
		<marc:subfield code="l">RBC</marc:subfield>
		<marc:subfield code="c">1</marc:subfield>
		<marc:subfield code="q">B59548</marc:subfield>
		<marc:subfield code="s">blind-tooled pigskin bdg.</marc:subfield>
		<marc:subfield code="i">01/27/87 C</marc:subfield>
	</marc:datafield>
	<marc:datafield tag="989" ind1=" " ind2=" "> 
        <marc:subfield code="1">Studies of Nature</marc:subfield>
        <marc:subfield code="2">Story</marc:subfield>
        <marc:subfield code="2">Author</marc:subfield>
        <marc:subfield code="2">Engraving</marc:subfield>
        <marc:subfield code="3">Indian</marc:subfield>
        <marc:subfield code="3">French</marc:subfield>
        <marc:subfield code="4">Place name</marc:subfield>
        <marc:subfield code="5">Paul</marc:subfield>
        <marc:subfield code="5">Virginia</marc:subfield>
        <marc:subfield code="5">H. B. De Saint Pierre</marc:subfield>
        <marc:subfield code="5">H. Hunter, D. D.</marc:subfield>
        <marc:subfield code="6">Translate</marc:subfield>
        <marc:subfield code="6">Embellish</marc:subfield>
    </marc:datafield>
    <marc:datafield tag="999" ind1=" " ind2=" ">
		<marc:subfield code="a">IC</marc:subfield>
		<marc:subfield code="b">6/21/18</marc:subfield>
		<marc:subfield code="c">University of Pennsylvania</marc:subfield>
		<marc:subfield code="d">DPL</marc:subfield>
	</marc:datafield>
</marc:record>