
<marc:record>
	<marc:leader>01440cam a2200385 a 4500</marc:leader>
	<marc:controlfield tag="005">20141119154347.0</marc:controlfield>
	<marc:controlfield tag="008">870127s1796    nyu           00010 eng d</marc:controlfield>
	<marc:controlfield tag="001">99731443503681</marc:controlfield>
	<marc:datafield ind1=" " ind2=" " tag="035">
		<marc:subfield code="a">(OCoLC)ocn185064801</marc:subfield>
	</marc:datafield>
	<marc:datafield ind1=" " ind2=" " tag="035">
		<marc:subfield code="a">(OCoLC)185064801</marc:subfield>
	</marc:datafield>
	<marc:datafield ind1=" " ind2=" " tag="035">
		<marc:subfield code="a">(CStRLIN)PAUG87-B2190</marc:subfield>
	</marc:datafield>
	<marc:datafield ind1=" " ind2=" " tag="035">
		<marc:subfield code="a">(CaOTULAS)185128352</marc:subfield>
	</marc:datafield>
	<marc:datafield ind1=" " ind2=" " tag="035">
		<marc:subfield code="9">AAJ3200</marc:subfield>
	</marc:datafield>
	<marc:datafield ind1=" " ind2=" " tag="035">
		<marc:subfield code="a">73144</marc:subfield>
	</marc:datafield>
	<marc:datafield ind1=" " ind2=" " tag="035">
		<marc:subfield code="a">(PU)73144-penndb-Voyager</marc:subfield>
	</marc:datafield>
	<marc:datafield ind1=" " ind2=" " tag="035">
		<marc:subfield code="a">(PennHoldings)90939</marc:subfield>
	</marc:datafield>
	<marc:datafield ind1=" " ind2=" " tag="040">
		<marc:subfield code="a">PU</marc:subfield>
		<marc:subfield code="c">PU</marc:subfield>
	</marc:datafield>
	<marc:datafield ind1="1" ind2=" " tag="041">
		<marc:subfield code="a">eng</marc:subfield>
		<marc:subfield code="h">ger</marc:subfield>
	</marc:datafield>
	<marc:datafield ind1=" " ind2=" " tag="090">
		<marc:subfield code="a">PT2473.G4</marc:subfield>
		<marc:subfield code="b">B6 1796</marc:subfield>
		<marc:subfield code="i">01/29/87 CT</marc:subfield>
		<marc:subfield code="h">01/27/87 CT</marc:subfield>
	</marc:datafield>
	<marc:datafield ind1="1" ind2="0" tag="100">
		<marc:subfield code="a">Schiller, Friedrich,</marc:subfield>
		<marc:subfield code="d">1759-1805.</marc:subfield>
	</marc:datafield>
	<marc:datafield ind1="1" ind2="0" tag="240">
		<marc:subfield code="a">Geisterseher.</marc:subfield>
		<marc:subfield code="l">English</marc:subfield>
	</marc:datafield>
	<marc:datafield ind1="1" ind2="4" tag="245">
		<marc:subfield code="a">The ghost-seer, or Apparitionist :</marc:subfield>
		<marc:subfield code="b">an interesting fragment found among the papers of Count O***** /</marc:subfield>
		<marc:subfield code="c">from the German of Schiller.</marc:subfield>
	</marc:datafield>

	<marc:datafield ind1=" " ind2=" " tag="246">
	    <marc:subfield code="a">The Ghost-seer; Or, apparitionist: an interesting fragment, found among the papers of Count O*****. From the German of Schiller.</marc:subfield>
		<marc:subfield code="d">Letter-press</marc:subfield>
		<marc:subfield code="g">Full</marc:subfield>
		<marc:subfield code="x">Work</marc:subfield>
	</marc:datafield>
	<marc:datafield ind1="0" ind2="7" tag="246">
	    <marc:subfield code="a">The Ghost-seer; Or, apparitionist.</marc:subfield>
	</marc:datafield>
		<marc:datafield ind1="0" ind2="7" tag="246">
	    <marc:subfield code="a">The Ghost-seer; (verso)</marc:subfield>
		<marc:subfield code="a">Or, apparitionist. (recto)</marc:subfield>
	</marc:datafield>
	<marc:datafield ind1="0" ind2=" " tag="260">
		<marc:subfield code="a">New-York</marc:subfield>
		<marc:subfield code="b">Printed by T. and J. Swords, No. 99 Pearl-Street.</marc:subfield>
		<marc:subfield code="c">1796</marc:subfield>
		<marc:subfield code="c">1796.</marc:subfield>
	</marc:datafield>
	<marc:datafield ind1=" " ind2=" " tag="300">
		<marc:subfield code="a">120 p. ;</marc:subfield>
		<marc:subfield code="c">17 cm. (8vo)</marc:subfield>
		<marc:subfield code="x">Octavo</marc:subfield>
	</marc:datafield>
	<marc:datafield ind1=" " ind2=" " tag="500">
		<marc:subfield code="a">Translation of: Der Geisterseher.</marc:subfield>
	</marc:datafield>
	<marc:datafield ind1=" " ind2=" " tag="500">
		<marc:subfield code="a">Translated by D. Boileau.</marc:subfield>
	</marc:datafield>
	<marc:datafield ind1=" " ind2=" " tag="500">
		<marc:subfield code="a">Reprint of the London (1795) edition.</marc:subfield>
	</marc:datafield>
	<marc:datafield ind1="4" ind2=" " tag="510">
		<marc:subfield code="a">Evans</marc:subfield>
		<marc:subfield code="c">31163</marc:subfield>
	</marc:datafield>
	<marc:datafield ind1="4" ind2=" " tag="510">
		<marc:subfield code="a">ESTC (RLIN)</marc:subfield>
		<marc:subfield code="c">W12400</marc:subfield>
	</marc:datafield>
	<marc:datafield ind1="4" ind2=" " tag="510">
		<marc:subfield code="a">English novel, 1770-1829,</marc:subfield>
		<marc:subfield code="c">1795: 39</marc:subfield>
	</marc:datafield>
	<marc:datafield ind1=" " ind2=" " tag="520">
	    <marc:subfield code="a">To the Reader</marc:subfield>
		<marc:subfield code="c">Front</marc:subfield>
		<marc:subfield code="x">Transcription: The manner in which this fragment is mentioned in the Monthly Review, for September, 1794, page 21, as it has been an inducement for offering this translation to the public, will also in some degree, apologize for its present title; which it is apprehended, may appear quaint and insignificant.</marc:subfield>
	</marc:datafield>
	<marc:datafield ind1=" " ind2=" " tag="520">
	    <marc:subfield code="a">Apology</marc:subfield>
		<marc:subfield code="c">Front</marc:subfield>
		<marc:subfield code="x">Transcription: The manner in which this fragment is mentioned in the Monthly Review, for September, 1794, page 21, as it has been an inducement for offering this translation to the public, will also in some degree, apologize for its present title; which it is apprehended, may appear quaint and insignificant.</marc:subfield>
	</marc:datafield>
	<marc:datafield ind1=" " ind2=" " tag="520">
	    <marc:subfield code="a">Footnotes</marc:subfield>
		<marc:subfield code="c">Middle</marc:subfield>
		<marc:subfield code="x">Footnotes located on pgs.: 35, 49, 56, 67, 70, 80, 85</marc:subfield>
	</marc:datafield>
	<marc:datafield ind1=" " ind2=" " tag="592">
	    <marc:subfield code="a">First-person</marc:subfield>
	</marc:datafield>
	<marc:datafield ind1=" " ind2=" " tag="594">
	    <marc:subfield code="a">Julia Belden's Book</marc:subfield>
		<marc:subfield code="b">Ink</marc:subfield>
		<marc:subfield code="x">Location: front free endpaper</marc:subfield>
	</marc:datafield>
	<marc:datafield ind1=" " ind2=" " tag="596">
	    <marc:subfield code="a">Translation</marc:subfield>
		<marc:subfield code="b">Title page</marc:subfield>
		<marc:subfield code="c">German</marc:subfield>
		<marc:subfield code="e">From the German of Schiller</marc:subfield>
	</marc:datafield>
	<marc:datafield ind1=" " ind2=" " tag="599">
	    <marc:subfield code="a">Editor (text)</marc:subfield>
		<marc:subfield code="b">Generic/Descriptive</marc:subfield>
		<marc:subfield code="2">Count O....., whose narrative I have just far literally copied, describes minutely the various effects of this adventure on the mind of the Prince, and of his companions, and recounts a variety of tales of apparitions, which this event gave occasion to introduce. I shall omit giving them to the reader, on the supposition that he is as curious as myself to know the conclusion of the adventure, and its effects on the conduct of the Prince.</marc:subfield>
	    <marc:subfield code="3">pg. 49</marc:subfield>
		<marc:subfield code="5">Indeterminate</marc:subfield>
	</marc:datafield>
	<marc:datafield ind1=" " ind2=" " tag="599">
	    <marc:subfield code="a">Author (paratext)</marc:subfield>
		<marc:subfield code="b">Generic/Descriptive</marc:subfield>
		<marc:subfield code="2">Footnote signed: German editor.</marc:subfield>
	    <marc:subfield code="3">pg. 49</marc:subfield>
		<marc:subfield code="6">Male</marc:subfield>
	</marc:datafield>
	<marc:datafield ind1=" " ind2=" " tag="599">
	    <marc:subfield code="a">Author (source text)</marc:subfield>
		<marc:subfield code="b">Proper name</marc:subfield>
		<marc:subfield code="2">From the German of Schiller</marc:subfield>
	    <marc:subfield code="3">Title Page</marc:subfield>
		<marc:subfield code="5">Indeterminate</marc:subfield>
	</marc:datafield>

	<marc:datafield ind1=" " ind2="4" tag="650">
		<marc:subfield code="a">CHR 1796</marc:subfield>
	</marc:datafield>
	<marc:datafield ind1=" " ind2="4" tag="650">
		<marc:subfield code="a">PRO Belden, Julia (autograph) (Singer-Mendenhall copy)</marc:subfield>
	</marc:datafield>
	<marc:datafield ind1=" " ind2="4" tag="650">
		<marc:subfield code="a">PRO Forrest, Edwin, Estate of (donor) (Forrest copy)</marc:subfield>
	</marc:datafield>
	<marc:datafield ind1="2" ind2=" " tag="710">
		<marc:subfield code="a">Collection of British and American Fiction, 1660-1830 (University of Pennsylvania)</marc:subfield>
		<marc:subfield code="5">PU</marc:subfield>
	</marc:datafield>
	<marc:datafield ind1=" " ind2=" " tag="700">
	    <marc:subfield code="a">Schiller, Friedrich von (Johann Christoph Friedrich)</marc:subfield>
	    <marc:subfield code="d">1759-1805 </marc:subfield>
		<marc:subfield code="4">Author (source text)</marc:subfield>
		<marc:subfield code="5">Authorized</marc:subfield>
	</marc:datafield>
	<marc:datafield ind1=" " ind2=" " tag="700">
	    <marc:subfield code="a">Julia Belden</marc:subfield>
		<marc:subfield code="4">Inscribed by</marc:subfield>
		<marc:subfield code="5">Unauthorized</marc:subfield>
	</marc:datafield>
	<marc:datafield ind1=" " ind2=" " tag="710">
	    <marc:subfield code="a">T. and J. Swords</marc:subfield>
		<marc:subfield code="4">Printed by</marc:subfield>
		<marc:subfield code="5">Authorized</marc:subfield>
	</marc:datafield>
	<marc:datafield ind1="2" ind2=" " tag="710">
		<marc:subfield code="a">Early Novels</marc:subfield>
		<marc:subfield code="5">University of Pennsylvania</marc:subfield>
	</marc:datafield>
	<marc:datafield tag="710" ind1="2" ind2=" ">
        <marc:subfield code="a">Collection of British and American Fiction, 1660-1830 (University of Pennsylvania)</marc:subfield>
        <marc:subfield code="5">University of Pennsylvania</marc:subfield>
    </marc:datafield>
	<marc:datafield ind1=" " ind2=" " tag="950">
		<marc:subfield code="l">RBC</marc:subfield>
		<marc:subfield code="e">\\Singer-\Menden-\hall\</marc:subfield>
		<marc:subfield code="i">01/29/87 RL</marc:subfield>
		<marc:subfield code="h">01/27/87 C</marc:subfield>
	</marc:datafield>
	<marc:datafield ind1=" " ind2=" " tag="955">
		<marc:subfield code="l">RBC</marc:subfield>
		<marc:subfield code="c">1</marc:subfield>
		<marc:subfield code="q">53-3262</marc:subfield>
		<marc:subfield code="h">01/27/87 C</marc:subfield>
	</marc:datafield>
	<marc:datafield ind1=" " ind2=" " tag="948">
		<marc:subfield code="a">xx</marc:subfield>
		<marc:subfield code="a">addloc:rk</marc:subfield>
	</marc:datafield>
	<marc:datafield ind1=" " ind2=" " tag="989">
	    <marc:subfield code="2">Ghost-seer</marc:subfield>
		<marc:subfield code="2">Apparitionist</marc:subfield>
		<marc:subfield code="2">Fragment</marc:subfield>
		<marc:subfield code="2">Count</marc:subfield>
		<marc:subfield code="2">German</marc:subfield>
		<marc:subfield code="3">Interesting</marc:subfield>
		<marc:subfield code="5">Schiller</marc:subfield>
		<marc:subfield code="6">Find</marc:subfield>
		<marc:subfield code="7">Papers</marc:subfield>
	</marc:datafield>
	<marc:datafield ind1=" " ind2=" " tag="999">
	    <marc:subfield code="a">OF</marc:subfield>
		<marc:subfield code="b">6/21/18</marc:subfield>
		<marc:subfield code="c">Carnegie Mellon University</marc:subfield>
		<marc:subfield code="d">IC</marc:subfield>
	</marc:datafield>
</marc:record>