
<marc:record>
    <marc:leader>01156cam a2200325 a 4500</marc:leader>
    <marc:controlfield tag="001">99767613503681</marc:controlfield>
    <marc:controlfield tag="005">20141119155924.0</marc:controlfield>
    <marc:controlfield tag="008">870112s1795    pau           00000 eng d</marc:controlfield>
    <marc:datafield tag="035" ind1=" " ind2=" ">
        <marc:subfield code="a">(OCoLC)ocn185065241</marc:subfield>
    </marc:datafield>
    <marc:datafield tag="035" ind1=" " ind2=" ">
        <marc:subfield code="a">(OCoLC)185065241</marc:subfield>
    </marc:datafield>
    <marc:datafield tag="035" ind1=" " ind2=" ">
        <marc:subfield code="a">(CStRLIN)PAUG87-B989</marc:subfield>
    </marc:datafield>
    <marc:datafield tag="035" ind1=" " ind2=" ">
        <marc:subfield code="a">(CaOTULAS)185123439</marc:subfield>
    </marc:datafield>
    <marc:datafield tag="035" ind1=" " ind2=" ">
        <marc:subfield code="9">AAJ7000</marc:subfield>
    </marc:datafield>
    <marc:datafield tag="035" ind1=" " ind2=" ">
        <marc:subfield code="a">76761</marc:subfield>
    </marc:datafield>
    <marc:datafield tag="035" ind1=" " ind2=" ">
        <marc:subfield code="a">(PU)76761-penndb-Voyager</marc:subfield>
    </marc:datafield>
	<marc:datafield tag="035" ind1=" " ind2=" ">
		<marc:subfield code="a">(PennHoldings) 95082</marc:subfield>
	</marc:datafield>
    <marc:datafield tag="040" ind1=" " ind2=" ">
        <marc:subfield code="a">PU</marc:subfield>
        <marc:subfield code="c">PU</marc:subfield>
    </marc:datafield>
    <marc:datafield tag="090" ind1=" " ind2=" ">
        <marc:subfield code="a">PR3991.A1</marc:subfield>
        <marc:subfield code="b">C74 1795b</marc:subfield>
        <marc:subfield code="i">01/12/87 CT</marc:subfield>
    </marc:datafield>
    <marc:datafield tag="245" ind1="0" ind2="0">
        <marc:subfield code="a">Count Roderic's castle, or Gothic times :</marc:subfield>
        <marc:subfield code="b">a tale, in two volumes.</marc:subfield>
    </marc:datafield>
    <marc:datafield tag="246" ind1="3" ind2="0">
        <marc:subfield code="a">Gothic times</marc:subfield>
    </marc:datafield>
    <marc:datafield tag="246" ind1=" " ind2=" ">
        <marc:subfield code="a">Count Roderic's castle;</marc:subfield>
		<marc:subfield code="d">Letter-press</marc:subfield>
		<marc:subfield code="g">Half</marc:subfield>
		<marc:subfield code="v">v.1</marc:subfield>
		<marc:subfield code="x">Work</marc:subfield>
    </marc:datafield>
    <marc:datafield tag="246" ind1=" " ind2=" ">
        <marc:subfield code="a">Count Roderic's castle; or, gothic times, a tale. In two volumes. Vol. I.</marc:subfield>
		<marc:subfield code="d">Letter-press</marc:subfield>
		<marc:subfield code="g">Full</marc:subfield>
		<marc:subfield code="v">v.1</marc:subfield>
		<marc:subfield code="x">Volume</marc:subfield>
    </marc:datafield>
    <marc:datafield tag="246" ind1=" " ind2=" ">
        <marc:subfield code="a">Count Roderic's castle; or, gothic times, a tale. In two volumes. Vol. II.</marc:subfield>
		<marc:subfield code="d">Letter-press</marc:subfield>
		<marc:subfield code="g">Full</marc:subfield>
		<marc:subfield code="v">v.2</marc:subfield>
		<marc:subfield code="x">Volume</marc:subfield>
    </marc:datafield>
    <marc:datafield tag="246" ind1="0" ind2="7">
	    <marc:subfield code="a">Count Roderic's castle.</marc:subfield>
		<marc:subfield code="v">v.1</marc:subfield>
		<marc:subfield code="v">v.2</marc:subfield>
	</marc:datafield>
    <marc:datafield tag="246" ind1="0" ind2="7">
	    <marc:subfield code="a">Count Roderic's castle.(verso)</marc:subfield>
	    <marc:subfield code="a">Count Roderic's castle.(recto)</marc:subfield>
		<marc:subfield code="v">v.1</marc:subfield>
		<marc:subfield code="v">v.2</marc:subfield>
	</marc:datafield>
    <marc:datafield tag="260" ind1="0" ind2=" ">
        <marc:subfield code="a">Philadelphia</marc:subfield>
        <marc:subfield code="b">Printed by Thomas Bradford, no. 8, south Front Street.</marc:subfield>
        <marc:subfield code="c">1795</marc:subfield>
		<marc:subfield code="c">1795.</marc:subfield>
		<marc:subfield code="v">v.1</marc:subfield>
		<marc:subfield code="v">v.2</marc:subfield>
    </marc:datafield>
    <marc:datafield tag="300" ind1=" " ind2=" ">
        <marc:subfield code="a">2 v. ;</marc:subfield>
        <marc:subfield code="c">18 cm. (12mo)</marc:subfield>
		<marc:subfield code="x">Duodecimo</marc:subfield>
		<marc:subfield code="z">In two volumes.</marc:subfield>
    </marc:datafield>
	<marc:datafield tag="500" ind1=" " ind2=" ">
	    <marc:subfield code="a">Both volumes are bound in one book</marc:subfield>
	</marc:datafield>
	<marc:datafield tag="500" ind1=" " ind2=" ">
	    <marc:subfield code="a">Bookplate with crest of Library of University of Pennsylvania on front paste-down endpaper</marc:subfield>
	</marc:datafield>
	<marc:datafield tag="500" ind1=" " ind2=" ">
	    <marc:subfield code="a">Library marginalia; Medium: Ink; Location: Bookplate on front paste-down endpaper; Transcription: "823 C834a"</marc:subfield>
	</marc:datafield>
	<marc:datafield tag="500" ind1=" " ind2=" ">
	    <marc:subfield code="a">Stamp of University of Pennsylvania Library on Vol. 1. full title page</marc:subfield>
	</marc:datafield>
    <marc:datafield tag="500" ind1=" " ind2=" ">
        <marc:subfield code="a">First published in London in 1794.  Cf. Blakey, D. Minerva Press, p. 164.</marc:subfield>
    </marc:datafield>
    <marc:datafield tag="500" ind1=" " ind2=" ">
        <marc:subfield code="a">Advertisements: v. 2, [6] p. at end.</marc:subfield>
    </marc:datafield>
    <marc:datafield tag="510" ind1="4" ind2=" ">
        <marc:subfield code="a">ESTC (RLIN)</marc:subfield>
        <marc:subfield code="c">W37628</marc:subfield>
    </marc:datafield>
    <marc:datafield tag="510" ind1="4" ind2=" ">
        <marc:subfield code="a">Bristol</marc:subfield>
        <marc:subfield code="c">B9069</marc:subfield>
    </marc:datafield>
    <marc:datafield tag="520" ind1=" " ind2=" ">
	    <marc:subfield code="a">Footnotes</marc:subfield>
		<marc:subfield code="c">Middle</marc:subfield>
		<marc:subfield code="v">v.2</marc:subfield>
		<marc:subfield code="x">Location: pg. 43; Transcription: "So called from a corps of infantry called Buckler Men, who fought with sword and target, and whose gallant stand under the shelter of their bucklers, which were exceedingly large, saved the right wing of the army, commanded by the father of Emanuel in person, and turned the fortune of the day."</marc:subfield>
	</marc:datafield>
    <marc:datafield tag="590" ind1=" " ind2=" ">
        <marc:subfield code="a">Bound in one vol.</marc:subfield>
    </marc:datafield>
	<marc:datafield tag="591" ind1=" " ind2=" ">
	    <marc:subfield code="a">In winter's tedious nights, fit by the fire,---With good old folks, and let them tell the tales---Of woeful ages long ago betide.</marc:subfield>
		<marc:subfield code="1">Rich. II.</marc:subfield>
		<marc:subfield code="2">Shak.</marc:subfield>
		<marc:subfield code="b">Richard II</marc:subfield>
		<marc:subfield code="c">William Shakespeare</marc:subfield>
		<marc:subfield code="v">v.1</marc:subfield>
		<marc:subfield code="v">v.2</marc:subfield>
	</marc:datafield>
	<marc:datafield tag="592" ind1=" " ind2=" ">
	    <marc:subfield code="a">Third-person</marc:subfield>
	</marc:datafield>
	<marc:datafield tag="595" ind1=" " ind2=" ">
	    <marc:subfield code="a">Pencil</marc:subfield>
		<marc:subfield code="b">Drawings</marc:subfield>
		<marc:subfield code="v">v.1</marc:subfield>
		<marc:subfield code="x">Location: Opposite full title page and on title page; Content: Scribbles, "IR5"</marc:subfield>
	</marc:datafield>
    <marc:datafield tag="655" ind1=" " ind2="7">
        <marc:subfield code="a">Booksellers' advertisements</marc:subfield>
        <marc:subfield code="z">Pennsylvania</marc:subfield>
        <marc:subfield code="y">18th century.</marc:subfield>
        <marc:subfield code="2">rbgenr</marc:subfield>
    </marc:datafield>
    <marc:datafield tag="650" ind1=" " ind2="4">
        <marc:subfield code="a">CHR 1795</marc:subfield>
    </marc:datafield>
	<marc:datafield tag="656" ind1=" " ind2=" ">
	    <marc:subfield code="a">Mixed Genre</marc:subfield>
		<marc:subfield code="b">Back</marc:subfield>
		<marc:subfield code="c">Same publisher</marc:subfield>
		<marc:subfield code="v">v.2</marc:subfield>
		<marc:subfield code="x">Heading: "The following works are just published by T. Bradford."</marc:subfield>
	</marc:datafield>
	<marc:datafield tag="656" ind1=" " ind2=" ">
		<marc:subfield code="a">Fiction</marc:subfield>
		<marc:subfield code="b">Back</marc:subfield>
		<marc:subfield code="c">Same publisher</marc:subfield>
		<marc:subfield code="v">v.2</marc:subfield>
		<marc:subfield code="x">Heading: "The following works are just published by T. Bradford." Lists only "The Romance of the Forest" by Mrs. Ratfcliffe, includes an "extract from the Critical Review" about the book.</marc:subfield>
	</marc:datafield>
	<marc:datafield tag="656" ind1=" " ind2=" ">
	    <marc:subfield code="a">Mixed Genre</marc:subfield>
		<marc:subfield code="b">Back</marc:subfield>
		<marc:subfield code="c">Same publisher</marc:subfield>
		<marc:subfield code="v">v.2</marc:subfield>
		<marc:subfield code="x">Heading: "New publications by T. Bradford."</marc:subfield>
	</marc:datafield>
	<marc:datafield tag="656" ind1=" " ind2=" ">
	    <marc:subfield code="a">Fiction</marc:subfield>
		<marc:subfield code="b">Back</marc:subfield>
		<marc:subfield code="c">Same bookseller</marc:subfield>
		<marc:subfield code="v">v.2</marc:subfield>
		<marc:subfield code="x">Heading: "new publications for sale at T. Bradford's book-store."</marc:subfield>
	</marc:datafield>
	<marc:datafield tag="700" ind1=" " ind2=" ">
	    <marc:subfield code="a">Thomas Bradford</marc:subfield>
		<marc:subfield code="d">d. 1745-1838</marc:subfield>
		<marc:subfield code="4">Printed by</marc:subfield>
		<marc:subfield code="5">Authorized</marc:subfield>
	</marc:datafield>
	<marc:datafield tag="700" ind1=" " ind2=" ">
	    <marc:subfield code="a">William Shakespeare</marc:subfield>
		<marc:subfield code="d">d. 1564-1616</marc:subfield>
		<marc:subfield code="4">Author (epigraph)</marc:subfield>
		<marc:subfield code="5">Authorized</marc:subfield>
	</marc:datafield>
    <marc:datafield tag="710" ind1="2" ind2=" ">
        <marc:subfield code="a">Collection of British and American Fiction, 1660-1830 (University of Pennsylvania)</marc:subfield>
        <marc:subfield code="5">PU</marc:subfield>
    </marc:datafield>
	<marc:datafield tag="710" ind1="2" ind2=" ">
	    <marc:subfield code="a">Early Novels</marc:subfield>
		<marc:subfield code="5">University of Pennsylvania</marc:subfield>
	</marc:datafield>
    <marc:datafield tag="950" ind1=" " ind2=" ">
        <marc:subfield code="l">RBC</marc:subfield>
        <marc:subfield code="v">2 v.</marc:subfield>
        <marc:subfield code="i">01/12/87 C</marc:subfield>
    </marc:datafield>
    <marc:datafield tag="955" ind1=" " ind2=" ">
        <marc:subfield code="l">RBC</marc:subfield>
        <marc:subfield code="c">1:(v.1-2)</marc:subfield>
        <marc:subfield code="q">268608</marc:subfield>
        <marc:subfield code="s">in 1</marc:subfield>
        <marc:subfield code="i">01/12/87 C</marc:subfield>
    </marc:datafield>
    <marc:datafield tag="989" ind1=" " ind2=" ">
	    <marc:subfield code="2">Count</marc:subfield>
		<marc:subfield code="2">Castle</marc:subfield>
		<marc:subfield code="2">Time</marc:subfield>
		<marc:subfield code="2">Tale</marc:subfield>
		<marc:subfield code="3">Gothic</marc:subfield>
		<marc:subfield code="3">Two</marc:subfield>
		<marc:subfield code="5">Roderic</marc:subfield>
	</marc:datafield>
        <marc:datafield tag="999" ind1=" " ind2=" ">
	    <marc:subfield code="a">OF</marc:subfield>
		<marc:subfield code="b">6/4/18</marc:subfield>
		<marc:subfield code="c">Carnegie Mellon University</marc:subfield>
		<marc:subfield code="d">SH</marc:subfield>
	</marc:datafield>
</marc:record>