
<marc:record>
	<marc:leader>01296cam a2200349 a 4500</marc:leader>
	<marc:controlfield tag="005">20141119164020.0</marc:controlfield>
	<marc:controlfield tag="008">861031s1796    enk           00010 eng d</marc:controlfield>
	<marc:controlfield tag="001">99858123503681</marc:controlfield>
	<marc:datafield ind1=" " ind2=" " tag="035">
		<marc:subfield code="a">(OCoLC)ocn185066046</marc:subfield>
	</marc:datafield>
	<marc:datafield ind1=" " ind2=" " tag="035">
		<marc:subfield code="a">(OCoLC)185066046</marc:subfield>
	</marc:datafield>
	<marc:datafield ind1=" " ind2=" " tag="035">
		<marc:subfield code="a">(CStRLIN)PAUG86-B46783</marc:subfield>
	</marc:datafield>
	<marc:datafield ind1=" " ind2=" " tag="035">
		<marc:subfield code="a">(CaOTULAS)185139168</marc:subfield>
	</marc:datafield>
	<marc:datafield ind1=" " ind2=" " tag="035">
		<marc:subfield code="9">AAK7333</marc:subfield>
	</marc:datafield>
	<marc:datafield ind1=" " ind2=" " tag="035">
		<marc:subfield code="a">85812</marc:subfield>
	</marc:datafield>
	<marc:datafield ind1=" " ind2=" " tag="035">
		<marc:subfield code="a">(PU)85812-penndb-Voyager</marc:subfield>
	</marc:datafield>
	<marc:datafield ind1=" " ind2=" " tag="035">
		<marc:subfield code="a">(PennHoldings)106989</marc:subfield>
	</marc:datafield>
	<marc:datafield ind1=" " ind2=" " tag="040">
		<marc:subfield code="a">PU</marc:subfield>
		<marc:subfield code="c">PU</marc:subfield>
	</marc:datafield>
	<marc:datafield ind1=" " ind2=" " tag="090">
		<marc:subfield code="a">PR4519.C78</marc:subfield>
		<marc:subfield code="b">H3 1796</marc:subfield>
		<marc:subfield code="i">11/05/86 CT</marc:subfield>
	</marc:datafield>
	<marc:datafield ind1="1" ind2=" " tag="100">
		<marc:subfield code="a">Cullen, Stephen,</marc:subfield>
		<marc:subfield code="d">fl. 1794-1796</marc:subfield>
	</marc:datafield>
	<marc:datafield ind1="1" ind2="4" tag="245">
		<marc:subfield code="a">The haunted priory, or, The fortunes of the house of Rayo :</marc:subfield>
		<marc:subfield code="b">a romance founded principally on historical facts /</marc:subfield>
		<marc:subfield code="c">by Stephen Cullen.</marc:subfield>
	</marc:datafield>
	<marc:datafield ind1=" " ind2=" " tag="246">
        <marc:subfield code="a">The haunted priory.</marc:subfield>
        <marc:subfield code="d">Letter-press</marc:subfield>
        <marc:subfield code="g">Half</marc:subfield>
        <marc:subfield code="x">Work</marc:subfield>
    </marc:datafield>
    <marc:datafield ind1=" " ind2=" " tag="246">
        <marc:subfield code="a">The haunted priory: Or, The fortunes of the house of Rayo. A romance founded principally on historical facts. By Stephen Cullen. The third edition.</marc:subfield>
        <marc:subfield code="d">Letter-press</marc:subfield>
        <marc:subfield code="g">Full</marc:subfield>
        <marc:subfield code="x">Work</marc:subfield>
    </marc:datafield>
	<marc:datafield ind1=" " ind2=" " tag="250">
		<marc:subfield code="a">The Third Edition.</marc:subfield>
        <marc:subfield code="b">Third edition</marc:subfield>
    </marc:datafield>
	<marc:datafield ind1=" " ind2=" " tag="260">
		<marc:subfield code="a">London</marc:subfield>
		<marc:subfield code="b">Printed for J. Bell, No. 148, Oxford-Street, Opposite Bond-Street.</marc:subfield>
		<marc:subfield code="c">1796</marc:subfield>
		<marc:subfield code="c">MDCCXCVI.</marc:subfield>
	</marc:datafield>
	<marc:datafield ind1=" " ind2=" " tag="300">
		<marc:subfield code="a">[4], 256 p. ;</marc:subfield>
		<marc:subfield code="c">20 cm. (12mo)</marc:subfield>
		<marc:subfield code="x">Duodecimo</marc:subfield>
	</marc:datafield>
	<marc:datafield ind1=" " ind2=" " tag="500">
		<marc:subfield code="a">A page of the text (?) has been printed on the front and back covers, on top of the marbling.</marc:subfield>
	</marc:datafield>
	<marc:datafield ind1="4" ind2=" " tag="510">
		<marc:subfield code="a">ESTC (RLIN)</marc:subfield>
		<marc:subfield code="c">N7128</marc:subfield>
	</marc:datafield>
	<marc:datafield ind1=" " ind2=" " tag="591">
        <marc:subfield code="a">----Hic murus aheneus esto, Nil conscire fibi, nulla pallescere culpa.</marc:subfield>      
        <marc:subfield code="c">Horace</marc:subfield>            
        <marc:subfield code="d">Let this be your brazen wall of defense, to have nothing on your conscience, no guilt to make you turn pale</marc:subfield>
        <marc:subfield code="x">Translation source: Eudict.com</marc:subfield>
    </marc:datafield>
    <marc:datafield ind1=" " ind2=" " tag="592">
        <marc:subfield code="a">Third-person</marc:subfield>
		<marc:subfield code="b">Letters</marc:subfield>
    </marc:datafield>
    <marc:datafield ind1=" " ind2=" " tag="594">
        <marc:subfield code="a">Jas. Cole</marc:subfield>
        <marc:subfield code="b">Ink</marc:subfield>
        <marc:subfield code="x">Located on title page.</marc:subfield>
	</marc:datafield>   
	<marc:datafield ind1=" " ind2=" " tag="594">
        <marc:subfield code="a">Mundy</marc:subfield>
        <marc:subfield code="b">Ink</marc:subfield>
        <marc:subfield code="x">Located on front free endpaper.</marc:subfield>
	</marc:datafield>	
	<marc:datafield ind1=" " ind2=" " tag="595">
        <marc:subfield code="a">Ink</marc:subfield>
        <marc:subfield code="b">Numbers</marc:subfield>
        <marc:subfield code="x">Transcription of marginalia on back free endpaper: 4 11 10/ 4 11 10/ 9.3-9</marc:subfield>
	</marc:datafield>
	 <marc:datafield ind1=" " ind2=" " tag="599">
        <marc:subfield code="a">Author (text)</marc:subfield>
        <marc:subfield code="b">Proper name</marc:subfield>
        <marc:subfield code="2">By Stephen Cullen</marc:subfield>
        <marc:subfield code="3">Title Page</marc:subfield>
        <marc:subfield code="5">Male</marc:subfield>
        <marc:subfield code="6">Male</marc:subfield>
    </marc:datafield> 
	<marc:datafield ind1=" " ind2="4" tag="650">
		<marc:subfield code="a">CHR 1796</marc:subfield>
	</marc:datafield>
	<marc:datafield ind1=" " ind2="4" tag="650">
		<marc:subfield code="a">PRO Singer, Jacob (donor)</marc:subfield>
	</marc:datafield>
	<marc:datafield ind1=" " ind2="4" tag="650">
		<marc:subfield code="a">PRO Singer, Leah (donor)</marc:subfield>
	</marc:datafield>
	<marc:datafield ind1=" " ind2="4" tag="650">
		<marc:subfield code="a">PRO Singer, Godfrey F. (honoree)</marc:subfield>
	</marc:datafield>
	<marc:datafield ind1=" " ind2="4" tag="650">
		<marc:subfield code="a">PRO Cole, James (Autograph)</marc:subfield>
	</marc:datafield>
	<marc:datafield ind1=" " ind2=" " tag="700">
        <marc:subfield code="a">Cullen, Stephen</marc:subfield>
        <marc:subfield code="d">1794-1796</marc:subfield>
        <marc:subfield code="4">Author (text)</marc:subfield>
        <marc:subfield code="5">Authorized</marc:subfield>
    </marc:datafield>
    <marc:datafield ind1=" " ind2=" " tag="700">
        <marc:subfield code="a">Bell, John</marc:subfield>
		<marc:subfield code="d">1745-1831</marc:subfield>
        <marc:subfield code="4">Printed For</marc:subfield>
        <marc:subfield code="5">Authorized</marc:subfield>
    </marc:datafield>
    <marc:datafield ind1=" " ind2=" " tag="700">
		<marc:subfield code="a">James Cole</marc:subfield>
		<marc:subfield code="4">Inscribed by</marc:subfield>
		<marc:subfield code="5">Unauthorized</marc:subfield>
	</marc:datafield>
	<marc:datafield ind1=" " ind2=" " tag="700">
		<marc:subfield code="a">Mundy</marc:subfield>
		<marc:subfield code="4">Inscribed by</marc:subfield>
		<marc:subfield code="5">Unauthorized</marc:subfield>
	</marc:datafield>
	<marc:datafield ind1="2" ind2=" " tag="710">
        <marc:subfield code="a">Early Novels</marc:subfield>
        <marc:subfield code="5">University of Pennsylvania</marc:subfield>
    </marc:datafield>
    <marc:datafield ind1="2" ind2=" " tag="710">
        <marc:subfield code="a">Collection of British and American Fiction, 1660-1830 (University of Pennsylvania)</marc:subfield>
        <marc:subfield code="5">University of Pennsylvania</marc:subfield>
    </marc:datafield>
	<marc:datafield ind1="2" ind2=" " tag="710">
		<marc:subfield code="a">Collection of British and American Fiction, 1660-1830 (University of Pennsylvania)</marc:subfield>
		<marc:subfield code="5">PU</marc:subfield>
	</marc:datafield>
	<marc:datafield ind1="0" ind2="2" tag="740">
		<marc:subfield code="a">Fortunes of the house of Rayo.</marc:subfield>
	</marc:datafield>
	<marc:datafield ind1=" " ind2=" " tag="752">
		<marc:subfield code="a">England</marc:subfield>
		<marc:subfield code="d">London.</marc:subfield>
	</marc:datafield>
	<marc:datafield ind1=" " ind2=" " tag="950">
		<marc:subfield code="l">RBC</marc:subfield>
		<marc:subfield code="e">\\Singer-\Menden-\hall\</marc:subfield>
		<marc:subfield code="i">11/05/86 C</marc:subfield>
	</marc:datafield>
	<marc:datafield ind1=" " ind2=" " tag="955">
		<marc:subfield code="l">RBC</marc:subfield>
		<marc:subfield code="c">1</marc:subfield>
		<marc:subfield code="q">725595</marc:subfield>
		<marc:subfield code="q">g. Mr. and Mrs. Jacob Singer</marc:subfield>
		<marc:subfield code="s">Ex libris: Cole, James</marc:subfield>
		<marc:subfield code="i">11/05/86 C</marc:subfield>
	</marc:datafield>
	<marc:datafield ind1=" " ind2=" " tag="989"> 
        <marc:subfield code="2">Priory</marc:subfield>
        <marc:subfield code="2">House</marc:subfield>
        <marc:subfield code="2">Romance</marc:subfield>
        <marc:subfield code="2">Fact</marc:subfield>
        <marc:subfield code="2">Fortune</marc:subfield>
        <marc:subfield code="3">Haunted</marc:subfield>
        <marc:subfield code="8">Principally</marc:subfield>
        <marc:subfield code="3">Historical</marc:subfield>
        <marc:subfield code="5">Rayo</marc:subfield>
        <marc:subfield code="5">Stephen Cullen</marc:subfield>
        <marc:subfield code="6">Founded</marc:subfield>
    </marc:datafield>
    <marc:datafield ind1=" " ind2=" " tag="999">
		<marc:subfield code="a">IC</marc:subfield>
		<marc:subfield code="b">6/27/18</marc:subfield>
		<marc:subfield code="c">University of Pennsylvania</marc:subfield>
		<marc:subfield code="d">SH</marc:subfield>
	</marc:datafield>
</marc:record>