
<marc:record>
	<marc:leader>01338cam a2200337 a 4500</marc:leader>
	<marc:controlfield tag="001">99863653503681</marc:controlfield>
	<marc:controlfield tag="005">20141119164225.0</marc:controlfield>
	<marc:controlfield tag="008">861110s1795    enk           00001 eng d</marc:controlfield>
	<marc:datafield tag="035" ind1=" " ind2=" ">
		<marc:subfield code="a">(OCoLC)ocn185066122</marc:subfield>
	</marc:datafield>
	<marc:datafield tag="035" ind1=" " ind2=" ">
		<marc:subfield code="a">(OCoLC)185066122</marc:subfield>
	</marc:datafield>
	<marc:datafield tag="035" ind1=" " ind2=" ">
		<marc:subfield code="a">(CStRLIN)PAUG86-B47790</marc:subfield>
	</marc:datafield>
	<marc:datafield tag="035" ind1=" " ind2=" ">
		<marc:subfield code="a">(CaOTULAS)185142970</marc:subfield>
	</marc:datafield>
	<marc:datafield tag="035" ind1=" " ind2=" ">
		<marc:subfield code="9">AAK7913</marc:subfield>
	</marc:datafield>
	<marc:datafield tag="035" ind1=" " ind2=" ">
		<marc:subfield code="a">86365</marc:subfield>
	</marc:datafield>
	<marc:datafield tag="035" ind1=" " ind2=" ">
		<marc:subfield code="a">(PU)86365-penndb-Voyager</marc:subfield>
	</marc:datafield>
	<marc:datafield tag="035" ind1=" " ind2=" ">
		<marc:subfield code="a">(PennHoldings)</marc:subfield>
	</marc:datafield>
	<marc:datafield tag="040" ind1=" " ind2=" ">
		<marc:subfield code="a">NjP</marc:subfield>
		<marc:subfield code="c">NjP</marc:subfield>
		<marc:subfield code="d">PU</marc:subfield>
	</marc:datafield>
	<marc:datafield tag="041" ind1=" " ind2=" ">
		<marc:subfield code="a">English</marc:subfield>
	</marc:datafield>
	<marc:datafield tag="050" ind1=" " ind2="4">
		<marc:subfield code="a">PR4821.J28</marc:subfield>
		<marc:subfield code="b">P53 1795</marc:subfield>
	</marc:datafield>
	<marc:datafield tag="090" ind1=" " ind2=" ">
		<marc:subfield code="a">PR3541.L355</marc:subfield>
		<marc:subfield code="b">P55 1795</marc:subfield>
		<marc:subfield code="i">11/10/86 CT</marc:subfield>
	</marc:datafield>
	<marc:datafield tag="100" ind1="1" ind2=" ">
		<marc:subfield code="a">Jacson, Frances,</marc:subfield>
		<marc:subfield code="d">1754-1842.</marc:subfield>
	</marc:datafield>		
	<marc:datafield tag="245" ind1="1" ind2="0">
		<marc:subfield code="a">Plain sense :</marc:subfield>
		<marc:subfield code="b">a novel.</marc:subfield>
		<marc:subfield code="n">vol.I</marc:subfield>
		<marc:subfield code="n">vol.II</marc:subfield>
		<marc:subfield code="n">vol.III</marc:subfield>		
	</marc:datafield>
	<marc:datafield tag="246" ind1=" " ind2=" ">
		<marc:subfield code="a">Plain sense, a novel, in three volumes. Vol. I.</marc:subfield>
		<marc:subfield code="d">Letter-press</marc:subfield>
		<marc:subfield code="g">Full</marc:subfield>
		<marc:subfield code="x">Volume</marc:subfield>
		<marc:subfield code="v">v.1</marc:subfield>
	</marc:datafield>
	<marc:datafield tag="246" ind1=" " ind2=" ">
		<marc:subfield code="a">Plain sense, a novel, in three volumes. Vol. II.</marc:subfield>
		<marc:subfield code="d">Letter-press</marc:subfield>
		<marc:subfield code="g">Full</marc:subfield>
		<marc:subfield code="x">Volume</marc:subfield>
		<marc:subfield code="v">v.2</marc:subfield>
	</marc:datafield>
	<marc:datafield tag="246" ind1=" " ind2=" ">
		<marc:subfield code="a">Plain sense, a novel, in three volumes. Vol. III.</marc:subfield>
		<marc:subfield code="d">Letter-press</marc:subfield>
		<marc:subfield code="g">Full</marc:subfield>
		<marc:subfield code="x">Volume</marc:subfield>
		<marc:subfield code="v">v.3</marc:subfield>
	</marc:datafield>
	<marc:datafield tag="246" ind1="0" ind2="7">
		<marc:subfield code="a">Plain sense.</marc:subfield>
		<marc:subfield code="v">v.1</marc:subfield>
		<marc:subfield code="v">v.2</marc:subfield>
		<marc:subfield code="v">v.3</marc:subfield>
	</marc:datafield>
	<marc:datafield tag="246" ind1="0" ind2="7">
		<marc:subfield code="a">Plain sense. (recto)</marc:subfield>
		<marc:subfield code="a">Plain sense. (verso)</marc:subfield>
		<marc:subfield code="v">v.1</marc:subfield>
		<marc:subfield code="v">v.2</marc:subfield>
		<marc:subfield code="v">v.3</marc:subfield>
	</marc:datafield>
	<marc:datafield tag="260" ind1=" " ind2=" ">
		<marc:subfield code="a">London</marc:subfield>
		<marc:subfield code="b">Printed for William Lane, Minerva-Press, Leadenhall-Street.</marc:subfield>
		<marc:subfield code="c">1795</marc:subfield>
		<marc:subfield code="c">M DCC XCV</marc:subfield>
	</marc:datafield>
	<marc:datafield tag="300" ind1=" " ind2=" ">
		<marc:subfield code="a">3 v. ([4], 232; [4], 235, [1]; [4], 281, [3] p.) ;</marc:subfield>
		<marc:subfield code="c">18 cm. (12mo)</marc:subfield>
		<marc:subfield code="x">Duodecimo</marc:subfield>
		<marc:subfield code="z">In three volumes</marc:subfield>
	</marc:datafield>
	<marc:datafield tag="500" ind1=" " ind2=" ">
		<marc:subfield code="a">Attributed to Frances Jacson in the British Library Journal, vol. 23, no. 1, Spring 1997, p. 81-97.  Previously attributed to Alethea Lewis.</marc:subfield>
	</marc:datafield>
	<marc:datafield tag="500" ind1=" " ind2=" ">
		<marc:subfield code="a">Each chapter begins with an epigraph.</marc:subfield>
	</marc:datafield>
	<marc:datafield tag="510" ind1="4" ind2=" ">
		<marc:subfield code="a">ESTC (RLIN)</marc:subfield>
		<marc:subfield code="c">N20256</marc:subfield>
	</marc:datafield>
	<marc:datafield tag="510" ind1="4" ind2=" ">
		<marc:subfield code="a">English novel, 1770-1829,</marc:subfield>
		<marc:subfield code="c">1795:26</marc:subfield>
	</marc:datafield>
	<marc:datafield tag="510" ind1="4" ind2=" ">
		<marc:subfield code="a">Block, A.  Engl. novel (1961 ed.),</marc:subfield>
		<marc:subfield code="c">p.186</marc:subfield>
	</marc:datafield>
	<marc:datafield tag="520" ind1=" " ind2=" ">
		<marc:subfield code="a">Review</marc:subfield>
		<marc:subfield code="b">Opinion of the Review</marc:subfield>
		<marc:subfield code="c">Back</marc:subfield>
		<marc:subfield code="v">v.3</marc:subfield>
		<marc:subfield code="x">Review for "The Duke of Clarence, an historical novel, (founded on a particular event in the history of England)", advertised as just published, printed at the Minerva Press. Transcription of first sentence: "This novel exhibits a good picture of ancient times and manners, and in not a few instances abounds with pathetic and interesting events." Transcription of last sentence: "The story is too complicated for us to give an account of it, as it would take up more space than is allotted to productions of this kinds; but we reccommend it as well calculated to amuse a leisure hour, without either endangering the morals or offending the eye of the reader." Dated: "March, 1795"</marc:subfield>
	</marc:datafield>
	<marc:datafield tag="591" ind1=" " ind2=" ">
		<marc:subfield code="a">"Reason still use, to reason still attend."</marc:subfield>
		<marc:subfield code="2">Pope</marc:subfield>
		<marc:subfield code="b">Essay on Man</marc:subfield>
		<marc:subfield code="c">Alexander Pope</marc:subfield>
		<marc:subfield code="v">v.1</marc:subfield>
		<marc:subfield code="v">v.2</marc:subfield>
		<marc:subfield code="v">v.3</marc:subfield>
		<marc:subfield code="x">Title page</marc:subfield>
	</marc:datafield>
	<marc:datafield tag="592" ind1=" " ind2=" ">
		<marc:subfield code="a">Third-person</marc:subfield>
	</marc:datafield>
	<marc:datafield tag="594" ind1=" " ind2=" ">
		<marc:subfield code="a">John C. Mendenhall</marc:subfield>
		<marc:subfield code="b">Ink</marc:subfield>
		<marc:subfield code="x">On front paste-down end paper</marc:subfield>
		<marc:subfield code="v">vol.1</marc:subfield>
	</marc:datafield>
	<marc:datafield tag="595" ind1=" " ind2=" ">
		<marc:subfield code="a">Pencil</marc:subfield>
		<marc:subfield code="b">Numbers</marc:subfield>
		<marc:subfield code="v">v.1</marc:subfield>
		<marc:subfield code="x">Reads: "June 1814" on front free endpaper.</marc:subfield>
	</marc:datafield>
	<marc:datafield tag="650" ind1=" " ind2="4">
		<marc:subfield code="a">CHR 1795</marc:subfield>
	</marc:datafield>
	<marc:datafield tag="650" ind1=" " ind2="4">
		<marc:subfield code="a">PRO Mendenhall, John C. (donor)</marc:subfield>
	</marc:datafield>
	<marc:datafield tag="656" ind1=" " ind2=" ">
		<marc:subfield code="a">Fiction</marc:subfield>
		<marc:subfield code="b">Back</marc:subfield>
		<marc:subfield code="c">Same publisher</marc:subfield>
		<marc:subfield code="v">v.2</marc:subfield>
		<marc:subfield code="x">Heading: "Publications printed at the Minerva Press"</marc:subfield>
	</marc:datafield>	
	<marc:datafield tag="656" ind1=" " ind2=" ">
		<marc:subfield code="a">Fiction</marc:subfield>
		<marc:subfield code="b">Back</marc:subfield>
		<marc:subfield code="c">Same publisher</marc:subfield>
		<marc:subfield code="v">v.3</marc:subfield>
		<marc:subfield code="x">Headings: "In the press, and speedily will be published,";  "Just published, printed at the Minerva Press"</marc:subfield>
	</marc:datafield>	
	<marc:datafield tag="700" ind1=" " ind2=" ">
		<marc:subfield code="a">Lewis, Alethea,</marc:subfield>
		<marc:subfield code="d">1749-1827.</marc:subfield>
		<marc:subfield code="4">Supposed Author (text)</marc:subfield>
		<marc:subfield code="5">Authorized</marc:subfield>
	</marc:datafield>
	<marc:datafield tag="700" ind1=" " ind2=" ">
		<marc:subfield code="a">Jacson, Frances,</marc:subfield>
		<marc:subfield code="d">1754-1842.</marc:subfield>
		<marc:subfield code="4">Author (text)</marc:subfield>
		<marc:subfield code="5">Authorized</marc:subfield>
	</marc:datafield>
	<marc:datafield tag="700" ind1=" " ind2=" ">
		<marc:subfield code="a">William Lane</marc:subfield>
		<marc:subfield code="d">1745-1814</marc:subfield>
		<marc:subfield code="4">Printed for</marc:subfield>
		<marc:subfield code="5">Authorized</marc:subfield>
	</marc:datafield>
	<marc:datafield tag="700" ind1=" " ind2=" ">
		<marc:subfield code="a">Mendenhall, John Cooper</marc:subfield>
		<marc:subfield code="d">1886-</marc:subfield>
		<marc:subfield code="4">Inscribed by</marc:subfield>
		<marc:subfield code="5">Authorized</marc:subfield>
	</marc:datafield>
	<marc:datafield tag="710" ind1=" " ind2=" ">
		<marc:subfield code="a">Minerva Press</marc:subfield>
		<marc:subfield code="4">Printed for</marc:subfield>
		<marc:subfield code="5">Authorized</marc:subfield>
	</marc:datafield>
	<marc:datafield tag ="710" ind1="2" ind2=" ">
		<marc:subfield code="a">Early Novels</marc:subfield>
		<marc:subfield code="5">University of Pennsylvania</marc:subfield>
	</marc:datafield>
	<marc:datafield tag="710" ind1="2" ind2=" ">
		<marc:subfield code="a">Collection of British and American Fiction, 1660-1830 (University of Pennsylvania)</marc:subfield>
		<marc:subfield code="5">PU</marc:subfield>
	</marc:datafield>
	<marc:datafield tag="950" ind1=" " ind2=" ">
		<marc:subfield code="l">RBC</marc:subfield>
		<marc:subfield code="e">\\Singer-\Menden-\hall\</marc:subfield>
		<marc:subfield code="v">3 v.</marc:subfield>
		<marc:subfield code="i">11/10/86 C</marc:subfield>
	</marc:datafield>
	<marc:datafield tag="955" ind1=" " ind2=" ">
		<marc:subfield code="l">RBC</marc:subfield>
		<marc:subfield code="c">1:(v.1-3)</marc:subfield>
		<marc:subfield code="q">50-1251</marc:subfield>
		<marc:subfield code="q">g. Dr. John C. Mendenhall</marc:subfield>
		<marc:subfield code="i">11/10/86 C</marc:subfield>
	</marc:datafield>
	<marc:datafield tag="989" ind1=" " ind2=" ">
		<marc:subfield code="2">Sense</marc:subfield>
		<marc:subfield code="2">Novel</marc:subfield>
		<marc:subfield code="2">Volume</marc:subfield>
		<marc:subfield code="3">Three</marc:subfield>
		<marc:subfield code="3">Plain</marc:subfield>
	</marc:datafield>
	<marc:datafield tag="999" ind1=" " ind2=" ">
		<marc:subfield code="a">DPL</marc:subfield>
		<marc:subfield code="b">6/11/18</marc:subfield>
		<marc:subfield code="c">University of Pennsylvania</marc:subfield>
		<marc:subfield code="d">IC</marc:subfield>
	</marc:datafield>
</marc:record>