<marc:record>
	<marc:leader>01294cam a2200325 a 4500</marc:leader>
	<marc:controlfield tag="005">20141119164354.0</marc:controlfield>
	<marc:controlfield tag="008">861112s1796    enk           00001 eng d</marc:controlfield>
	<marc:controlfield tag="001">99866503503681</marc:controlfield>
	<marc:datafield ind1=" " ind2=" " tag="035">
		<marc:subfield code="a">(OCoLC)ocm02483756</marc:subfield>
	</marc:datafield>
	<marc:datafield ind1=" " ind2=" " tag="035">
		<marc:subfield code="a">(OCoLC)2483756</marc:subfield>
	</marc:datafield>
	<marc:datafield ind1=" " ind2=" " tag="035">
		<marc:subfield code="a">(CStRLIN)PAUG86-B48175</marc:subfield>
	</marc:datafield>
	<marc:datafield ind1=" " ind2=" " tag="035">
		<marc:subfield code="a">(CaOTULAS)185144425</marc:subfield>
	</marc:datafield>
	<marc:datafield ind1=" " ind2=" " tag="035">
		<marc:subfield code="9">AAK8206</marc:subfield>
	</marc:datafield>
	<marc:datafield ind1=" " ind2=" " tag="035">
		<marc:subfield code="a">86650</marc:subfield>
	</marc:datafield>
	<marc:datafield ind1=" " ind2=" " tag="035">
		<marc:subfield code="a">(PU)86650-penndb-Voyager</marc:subfield>
	</marc:datafield>
	<marc:datafield ind1=" " ind2=" " tag="035">
		<marc:subfield code="a">(PennHoldings)107917</marc:subfield>
	</marc:datafield>
	<marc:datafield ind1=" " ind2=" " tag="040">
		<marc:subfield code="a">NIC</marc:subfield>
		<marc:subfield code="c">NIC</marc:subfield>
		<marc:subfield code="d">PU</marc:subfield>
	</marc:datafield>
	<marc:datafield ind1=" " ind2=" " tag="090">
		<marc:subfield code="a">PR4887</marc:subfield>
		<marc:subfield code="b">.M7 1796</marc:subfield>
		<marc:subfield code="i">11/12/86 CT</marc:subfield>
	</marc:datafield>
	<marc:datafield ind1="1" ind2="0" tag="100">
		<marc:subfield code="a">Lewis, M. G.</marc:subfield>
		<marc:subfield code="q">(Matthew Gregory),</marc:subfield>
		<marc:subfield code="d">1775-1818.</marc:subfield>
	</marc:datafield>
	<marc:datafield ind1="1" ind2="4" tag="245">
		<marc:subfield code="a">The monk :</marc:subfield>
		<marc:subfield code="b">a romance.</marc:subfield>
	</marc:datafield>
	<marc:datafield ind1=" " ind2=" " tag="246">
        <marc:subfield code="a">The monk: A romance. In three volumes. Vol. I.</marc:subfield>
        <marc:subfield code="d">Letter-press</marc:subfield>
        <marc:subfield code="g">Full</marc:subfield>
        <marc:subfield code="x">Volume</marc:subfield>
        <marc:subfield code="v">v.1</marc:subfield>
    </marc:datafield>
    <marc:datafield ind1=" " ind2=" " tag="246">
        <marc:subfield code="a">The monk: A romance. In three volumes. Vol. II.</marc:subfield>
        <marc:subfield code="d">Letter-press</marc:subfield>
        <marc:subfield code="g">Full</marc:subfield>
        <marc:subfield code="x">Volume</marc:subfield>
        <marc:subfield code="v">v.2</marc:subfield>
    </marc:datafield>
    <marc:datafield ind1=" " ind2=" " tag="246">
        <marc:subfield code="a">The monk: A romance. In three volumes. Vol. III.</marc:subfield>
        <marc:subfield code="d">Letter-press</marc:subfield>
        <marc:subfield code="g">Full</marc:subfield>
        <marc:subfield code="x">Volume</marc:subfield>
        <marc:subfield code="v">v.3</marc:subfield>
    </marc:datafield>
	<marc:datafield ind1=" " ind2=" " tag="260">
		<marc:subfield code="a">London</marc:subfield>
		<marc:subfield code="b">Printed for J. Bell, Oxford-Street.</marc:subfield>
		<marc:subfield code="c">M.DCC.XCVI.</marc:subfield>
		<marc:subfield code="c">1796</marc:subfield>
	</marc:datafield>
	<marc:datafield ind1=" " ind2=" " tag="300">
		<marc:subfield code="a">3 v. ;</marc:subfield>
		<marc:subfield code="c">18 cm. (12mo)</marc:subfield>
		<marc:subfield code="x">Duodecimo</marc:subfield>
		<marc:subfield code="z">in three volumes.</marc:subfield>
	</marc:datafield>
	<marc:datafield ind1=" " ind2=" " tag="500">
		<marc:subfield code="a">Preface signed: M.G.L.</marc:subfield>
	</marc:datafield>
	<marc:datafield ind1=" " ind2=" " tag="500">
		<marc:subfield code="a">Vol. 1: v, [3], 232 p.; v.2: [2], 287, [1] p.; v.3: [2], 315, [1] p.</marc:subfield>
	</marc:datafield>
	<marc:datafield ind1=" " ind2=" " tag="500">
		<marc:subfield code="a">First ed., first issue; cf. The early editions and issues of The monk / William B. Todd, in Studies in bibliography, II (1949-1950), p. 3-24.</marc:subfield>
	</marc:datafield>
	<marc:datafield ind1=" " ind2=" " tag="500">
        <marc:subfield code="a">A newspaper clip (v.2 p.72-73) from 1935 titled "Bibliographical Notes Lewis's "Monk""</marc:subfield>
	</marc:datafield>
	<marc:datafield ind1="4" ind2=" " tag="510">
		<marc:subfield code="a">Summers, M. Gothic bib.,</marc:subfield>
		<marc:subfield code="c">p. 419; Block, A. Eng. novel, p.139 ; NCBEL, III, 742.</marc:subfield>
	</marc:datafield>
	<marc:datafield ind1="4" ind2=" " tag="510">
		<marc:subfield code="a">ESTC (RLIN)</marc:subfield>
		<marc:subfield code="c">T132693</marc:subfield>
	</marc:datafield>
	<marc:datafield ind1="4" ind2=" " tag="510">
		<marc:subfield code="a">English novel, 1770-1829,</marc:subfield>
		<marc:subfield code="c">1796:63</marc:subfield>
	</marc:datafield>
	<marc:datafield ind1=" " ind2=" " tag="520">
        <marc:subfield code="a">Preface</marc:subfield>
        <marc:subfield code="b">Preface. Imitation of Horace, Ep. 20-B.I.</marc:subfield>
        <marc:subfield code="c">Front</marc:subfield>
        <marc:subfield code="v">v.1</marc:subfield>
        <marc:subfield code="x">Transcription of first sentence of Preface: "Methinks, Oh! vain ill judging book,--- I see thee cast a wishful look,--- Where reputations won and lost are--- In famous row called Paternoster.;" Signed: "M. G. L."</marc:subfield>     
   	</marc:datafield>
	<marc:datafield ind1=" " ind2=" " tag="520">
        <marc:subfield code="a">Table of contents</marc:subfield>
        <marc:subfield code="b">Table of the Poetry.</marc:subfield>
        <marc:subfield code="c">Front</marc:subfield>
        <marc:subfield code="v">v.1</marc:subfield>    
   	</marc:datafield>
	<marc:datafield ind1=" " ind2=" " tag="520">
        <marc:subfield code="a">Advertisement</marc:subfield>
        <marc:subfield code="b">Advertisement.</marc:subfield>
        <marc:subfield code="c">Front</marc:subfield>
        <marc:subfield code="v">v.1</marc:subfield>
        <marc:subfield code="x">Transcription of first sentence: "The first idea of this Romance was suggested by the story of the Santon Barsisa, related in The Guardian."</marc:subfield>     
   	</marc:datafield>
	<marc:datafield ind1=" " ind2=" " tag="520">
		<marc:subfield code="a">Poem</marc:subfield>
		<marc:subfield code="b">The gipsy's song.</marc:subfield>
		<marc:subfield code="c">Middle</marc:subfield>
		<marc:subfield code="v">v.1</marc:subfield>
		<marc:subfield code="x">Located on p. 56. First stanza: "Come, cross my hand! My art surpasses ---All that did ever mortal know: ---Come, maidens, come! My magic glasses ---Your future husband's form can show:"</marc:subfield>
	</marc:datafield>
	<marc:datafield ind1=" " ind2=" " tag="520">
		<marc:subfield code="a">Poem</marc:subfield>
		<marc:subfield code="b">Inscription in an hermitage</marc:subfield>
		<marc:subfield code="c">Middle</marc:subfield>
		<marc:subfield code="v">v.1</marc:subfield>
		<marc:subfield code="x">Located on p. 87. First sentence: "Whoe'er thou art these lines now reading, ---Think not though from the world receding, ---I joy my lonely days to lead in ---This desert drear, ---That with remose a conscience bleeding ---Hath led me here."</marc:subfield>
	</marc:datafield>
	<marc:datafield ind1=" " ind2=" " tag="520">
		<marc:subfield code="a">Poem</marc:subfield>
		<marc:subfield code="b">Durandarte and Belerma.</marc:subfield>
		<marc:subfield code="c">Middle</marc:subfield>
		<marc:subfield code="v">v.1</marc:subfield>
		<marc:subfield code="x">Located on p. 133. First sentence: "Sad and fearful is the story ---Of the Rocevalles fight; ---On those fatal plains of glory ---Perished many a gallant knight."</marc:subfield>
	</marc:datafield>
   	<marc:datafield ind1=" " ind2=" " tag="520">
        <marc:subfield code="a">Poem</marc:subfield>
        <marc:subfield code="b">Love and age.</marc:subfield>
        <marc:subfield code="c">Middle</marc:subfield>
        <marc:subfield code="v">v.2</marc:subfield>
        <marc:subfield code="x">On p.128-132. First stanza: "The night was dark; the wind blew cold. ---Anacreon, grown morose and dold, ---Sat by his fire, and fed the cheerful flame: ---Sudden the cottage-door expands, ---And, lo! before him Cupid stands, ---Casts round a friendly glance, and greets him by his name." </marc:subfield>     
   	</marc:datafield>
		<marc:datafield ind1=" " ind2=" " tag="520">
        <marc:subfield code="a">Poem</marc:subfield>
        <marc:subfield code="b">The exile.</marc:subfield>
        <marc:subfield code="c">Middle</marc:subfield>
        <marc:subfield code="v">v.2</marc:subfield>
        <marc:subfield code="x">On p.128-132. First stanza: "Farewell, oh native Spain! farewell forever! ---These banished eyes shall view thy coasts no more: ---A mournful presage tells my heart, that never ---Gonzalvos steps again shall press they shore."</marc:subfield>     
   	</marc:datafield>
   	<marc:datafield ind1=" " ind2=" " tag="520">
        <marc:subfield code="a">Poem</marc:subfield>
        <marc:subfield code="b">Midnight hymn.</marc:subfield>
        <marc:subfield code="c">Middle</marc:subfield>
        <marc:subfield code="v">v.2</marc:subfield>
        <marc:subfield code="x">On p.238-239. First stanza: "Now all is hush'd; the solemn chime ---No longer swells the nightly gale: ---Thy awful presence, hour sublime, ---With spotless heart once more I hail."</marc:subfield>     
   	</marc:datafield>
   	<marc:datafield ind1=" " ind2=" " tag="520">
        <marc:subfield code="a">Poem</marc:subfield>
        <marc:subfield code="b">The water-king, a Danish ballad.</marc:subfield>
        <marc:subfield code="c">Middle</marc:subfield>
        <marc:subfield code="v">v.3</marc:subfield>
        <marc:subfield code="x">On p.17-19. First stanza: "With gentle murmur flowed the tide, ---While by the fragrant flowery side ---The lovely maid, with carols gay, ---To mary's church pursued her way."</marc:subfield>     
   	</marc:datafield>
   	<marc:datafield ind1=" " ind2=" " tag="520">
        <marc:subfield code="a">Poem</marc:subfield>
        <marc:subfield code="b">Serenade.</marc:subfield>
        <marc:subfield code="c">Middle</marc:subfield>
        <marc:subfield code="v">v.3</marc:subfield>
        <marc:subfield code="x">On p.32-33. First stanza: "Chorus. ---Oh! Breathe in gentle strain, my lyre! ---'Tis here that beauty loves to rest: ---Describe the pangs of fond desire, ---Which rend a faithful lover's breast."</marc:subfield>     
   	</marc:datafield>
	   	<marc:datafield ind1=" " ind2=" " tag="520">
        <marc:subfield code="a">Poem</marc:subfield>
        <marc:subfield code="b">Alonzo the brave and fair Imogine.</marc:subfield>
        <marc:subfield code="c">Middle</marc:subfield>
        <marc:subfield code="v">v.3</marc:subfield>
        <marc:subfield code="x">On p.63-66. First stanza: "A warrior so bold, and a vargin so bright ---Conversed, as they sat on the green; ---They gazed on each other with tender delight; ---Alonzo the Brave was the name of the knight, ---The maid's was fair Imogine."</marc:subfield>     
   	</marc:datafield>
   	 <marc:datafield ind1=" " ind2=" " tag="591">
        <marc:subfield code="a">Somnia, terrores magicos, miracula, fagas, nocturnos lemures, portentaque.</marc:subfield>
        <marc:subfield code="2">Horat.</marc:subfield>
        <marc:subfield code="b">Epistles</marc:subfield>            
        <marc:subfield code="c">Horace</marc:subfield>            
        <marc:subfield code="d">Dreams, magic terrors, spells of mighty power, witches, and ghosts who rove at midnight hour.</marc:subfield>
        <marc:subfield code="v">v.1</marc:subfield>
        <marc:subfield code="v">v.2</marc:subfield>
        <marc:subfield code="v">v.3</marc:subfield>
        <marc:subfield code="x">Translation included in the epigraph.</marc:subfield>
    </marc:datafield>
    <marc:datafield ind1=" " ind2=" " tag="592">
        <marc:subfield code="a">Third-person</marc:subfield>
    </marc:datafield>
	<marc:datafield ind1=" " ind2=" " tag="595">
        <marc:subfield code="a">Pencil</marc:subfield>
        <marc:subfield code="b">Reader Markings</marc:subfield>
        <marc:subfield code="v">v.2</marc:subfield>
        <marc:subfield code="x">Transcription, on p.279: "her" replaces the "him" in "himself"</marc:subfield>
	</marc:datafield>
	<marc:datafield ind1=" " ind2=" " tag="599">
        <marc:subfield code="a">Author (text)</marc:subfield>
        <marc:subfield code="b">Initials</marc:subfield>
        <marc:subfield code="2">M. G. L.</marc:subfield>
        <marc:subfield code="3">Preface</marc:subfield>
        <marc:subfield code="5">Male</marc:subfield>
        <marc:subfield code="6">Male</marc:subfield>
    </marc:datafield> 
		<marc:datafield ind1=" " ind2=" " tag="599">
        <marc:subfield code="a">Author (paratext)</marc:subfield>
        <marc:subfield code="b">Initials</marc:subfield>
        <marc:subfield code="2">M. G. L.</marc:subfield>
        <marc:subfield code="3">Preface</marc:subfield>
        <marc:subfield code="5">Male</marc:subfield>
        <marc:subfield code="6">Male</marc:subfield>
    </marc:datafield> 
	<marc:datafield ind1=" " ind2="4" tag="650">
		<marc:subfield code="a">CHR 1796</marc:subfield>
	</marc:datafield>
	<marc:datafield ind1=" " ind2=" " tag="700">
        <marc:subfield code="a">Lewis, Matthew Gregory</marc:subfield>
        <marc:subfield code="d">1775-1818</marc:subfield>
        <marc:subfield code="4">Author (text)</marc:subfield>
		<marc:subfield code="4">Author (paratext)</marc:subfield>
        <marc:subfield code="5">Authorized</marc:subfield>
    </marc:datafield>
    <marc:datafield ind1=" " ind2=" " tag="700">
        <marc:subfield code="a">Bell, John</marc:subfield>
		<marc:subfield code="d">1745-1831</marc:subfield>
        <marc:subfield code="4">Printed for</marc:subfield>
        <marc:subfield code="5">Authorized</marc:subfield>
    </marc:datafield>
	<marc:datafield ind1=" " ind2=" " tag="710">
        <marc:subfield code="a">Early Novels</marc:subfield>
        <marc:subfield code="5">University of Pennsylvania</marc:subfield>
    </marc:datafield>
	<marc:datafield ind1="2" ind2=" " tag="710">
		<marc:subfield code="a">Collection of British and American Fiction, 1660-1830 (University of Pennsylvania)</marc:subfield>
		<marc:subfield code="5">PU</marc:subfield>
	</marc:datafield>
	<marc:datafield ind1=" " ind2=" " tag="950">
		<marc:subfield code="l">RBC</marc:subfield>
		<marc:subfield code="e">\\Singer-\Menden-\hall\</marc:subfield>
		<marc:subfield code="v">3 v.</marc:subfield>
		<marc:subfield code="i">11/12/86 C</marc:subfield>
	</marc:datafield>
	<marc:datafield ind1=" " ind2=" " tag="955">
		<marc:subfield code="l">RBC</marc:subfield>
		<marc:subfield code="c">1:(v.1-3)</marc:subfield>
		<marc:subfield code="q">53-3491</marc:subfield>
		<marc:subfield code="i">11/12/86 C</marc:subfield>
	</marc:datafield>
	<marc:datafield ind1=" " ind2=" " tag="989"> 
        <marc:subfield code="2">Monk</marc:subfield>
        <marc:subfield code="2">Romance</marc:subfield>
        <marc:subfield code="3">Three</marc:subfield>
		<marc:subfield code="2">Volume</marc:subfield>
    </marc:datafield>
    <marc:datafield ind1=" " ind2=" " tag="999">
		<marc:subfield code="a">IC</marc:subfield>
		<marc:subfield code="b">6/27/18</marc:subfield>
		<marc:subfield code="c">University of Pennsylvania</marc:subfield>
		<marc:subfield code="d">SH</marc:subfield>
	</marc:datafield>
</marc:record>