<marc:record>
	<marc:leader>01147cam a2200313   4500</marc:leader>
	<marc:controlfield tag="005">20141119164401.0</marc:controlfield>
	<marc:controlfield tag="008">861113s1796    enk           00011 eng d</marc:controlfield>
	<marc:controlfield tag="001">99866823503681</marc:controlfield>
	<marc:datafield ind1=" " ind2=" " tag="035">
		<marc:subfield code="a">(OCoLC)ocn185066145</marc:subfield>
	</marc:datafield>
	<marc:datafield ind1=" " ind2=" " tag="035">
		<marc:subfield code="a">(OCoLC)185066145</marc:subfield>
	</marc:datafield>
	<marc:datafield ind1=" " ind2=" " tag="035">
		<marc:subfield code="a">(CStRLIN)PAUG86-B48217</marc:subfield>
	</marc:datafield>
	<marc:datafield ind1=" " ind2=" " tag="035">
		<marc:subfield code="a">(CaOTULAS)185144567</marc:subfield>
	</marc:datafield>
	<marc:datafield ind1=" " ind2=" " tag="035">
		<marc:subfield code="9">AAK8238</marc:subfield>
	</marc:datafield>
	<marc:datafield ind1=" " ind2=" " tag="035">
		<marc:subfield code="a">86682</marc:subfield>
	</marc:datafield>
	<marc:datafield ind1=" " ind2=" " tag="035">
		<marc:subfield code="a">(PU)86682-penndb-Voyager</marc:subfield>
	</marc:datafield>
	<marc:datafield ind1=" " ind2=" " tag="035">
		<marc:subfield code="a">(PennHoldings)107952</marc:subfield>
	</marc:datafield>
	<marc:datafield ind1=" " ind2=" " tag="040">
		<marc:subfield code="a">MiU</marc:subfield>
		<marc:subfield code="c">MiU</marc:subfield>
		<marc:subfield code="d">PU</marc:subfield>
	</marc:datafield>
	<marc:datafield ind1=" " ind2=" " tag="090">
		<marc:subfield code="a">PR5708.W46</marc:subfield>
		<marc:subfield code="b">T4 1796</marc:subfield>
		<marc:subfield code="i">11/13/86 CT</marc:subfield>
	</marc:datafield>
	<marc:datafield ind1="1" ind2="0" tag="100">
		<marc:subfield code="a">Walker, George,</marc:subfield>
		<marc:subfield code="d">1772-1847.</marc:subfield>
	</marc:datafield>
	<marc:datafield ind1="1" ind2="0" tag="245">
		<marc:subfield code="a">Theodore Cyphon:</marc:subfield>
		<marc:subfield code="b">or, The benevolent Jew. A novel ...</marc:subfield>
		<marc:subfield code="c">By George Walker.</marc:subfield>
	</marc:datafield>
	<marc:datafield ind1=" " ind2=" " tag="246">
		<marc:subfield code="a">Theodore Cyphon; or the benevolent Jew: a novel. In three volumes. By George Walker, author of the House of Tynian, &amp;c. Vol. I.</marc:subfield>
		<marc:subfield code="d">Letter-press</marc:subfield>
		<marc:subfield code="g">Full</marc:subfield>
		<marc:subfield code="v">v.1</marc:subfield>
		<marc:subfield code="x">Volume</marc:subfield>
	</marc:datafield>
	<marc:datafield ind1=" " ind2=" " tag="246">
		<marc:subfield code="a">Theodore Cyphon; or the benevolent Jew: a novel. In three volumes. By George Walker, author of the House of Tynian, &amp;c. Vol. II.</marc:subfield>
		<marc:subfield code="d">Letter-press</marc:subfield>
		<marc:subfield code="g">Full</marc:subfield>	
		<marc:subfield code="v">v.2</marc:subfield>
		<marc:subfield code="x">Volume</marc:subfield>
	</marc:datafield>
	<marc:datafield ind1=" " ind2=" " tag="246">
		<marc:subfield code="a">Theodore Cyphon; or the benevolent Jew: a novel. In three volumes. By George Walker, author of the House of Tynian, &amp;c. Vol. III.</marc:subfield>
		<marc:subfield code="d">Letter-press</marc:subfield>
		<marc:subfield code="g">Full</marc:subfield>	
		<marc:subfield code="v">v.3</marc:subfield>
		<marc:subfield code="x">Volume</marc:subfield>
	</marc:datafield>
	<marc:datafield ind1="0" ind2="7" tag="246">
		<marc:subfield code="a">Theodore Cyphon.</marc:subfield>
		<marc:subfield code="v">v.1</marc:subfield>
		<marc:subfield code="v">v.2</marc:subfield>
		<marc:subfield code="v">v.3</marc:subfield>
	</marc:datafield>
	<marc:datafield ind1="0" ind2="7" tag="246">
		<marc:subfield code="a">Theodore Cyphon.(verso)</marc:subfield>
		<marc:subfield code="a">Theodore Cyphon.(recto)</marc:subfield>
		<marc:subfield code="v">v.1</marc:subfield>
		<marc:subfield code="v">v.2</marc:subfield>
		<marc:subfield code="v">v.3</marc:subfield>
	</marc:datafield>
	<marc:datafield ind1="0" ind2=" " tag="260">
		<marc:subfield code="a">London</marc:subfield>
		<marc:subfield code="b">Printed for B. Crosby, No. 4, Stationers Court, Ludgate Street.</marc:subfield>
		<marc:subfield code="c">1796.</marc:subfield>
		<marc:subfield code="c">1796</marc:subfield>
	</marc:datafield>
	<marc:datafield ind1=" " ind2=" " tag="300">
		<marc:subfield code="a">3 v. ;</marc:subfield>
		<marc:subfield code="c">18 cm. (12mo)</marc:subfield>
		<marc:subfield code="x">Duodecimo</marc:subfield>
		<marc:subfield code="z">In three volumes</marc:subfield>
	</marc:datafield>
	<marc:datafield ind1=" " ind2=" " tag="500">
		<marc:subfield code="a">Written in pencil on front free end paper of vol.1: "Walker"</marc:subfield>
	</marc:datafield>		
	<marc:datafield ind1=" " ind2=" " tag="500">
		<marc:subfield code="a">Bookplate on front paste down end paper of vols.1, 2, and 3: "Francis Duke of Bedford. Oakley House.</marc:subfield>
	</marc:datafield>
	<marc:datafield ind1=" " ind2=" " tag="520">
		<marc:subfield code="a">Preface</marc:subfield>
		<marc:subfield code="b">Preface.</marc:subfield>
		<marc:subfield code="c">Front</marc:subfield>
		<marc:subfield code="v">v.1</marc:subfield>
		<marc:subfield code="x">Transcription of first sentence: "It has been observed a thousand times, that the Spartans caused their slaves to be intoxicated, that their children might abhor the detestable vice: so those, who would deter others from crime, must hold up example and deduce consequences."</marc:subfield>
	</marc:datafield>
	<marc:datafield ind1=" " ind2=" " tag="520">
		<marc:subfield code="a">Footnotes</marc:subfield>
		<marc:subfield code="c">Middle</marc:subfield>
		<marc:subfield code="v">v.1</marc:subfield>
		<marc:subfield code="x">Located on p. 236. Reads: "This song may be had, set to music, at G. Walker's, No. 106, Great Portland Street."</marc:subfield>
	</marc:datafield>
	<marc:datafield ind1=" " ind2=" " tag="520">
		<marc:subfield code="a">Footnotes</marc:subfield>
		<marc:subfield code="c">Middle</marc:subfield>
		<marc:subfield code="v">v.2</marc:subfield>
		<marc:subfield code="x">Located on p. 128. Reads: "A trasaction like this took place, not out of rememberance, nor a hundred miles from Nottingham."</marc:subfield>
	</marc:datafield>
	<marc:datafield ind1="4" ind2=" " tag="510">
		<marc:subfield code="a">ESTC (RLIN)</marc:subfield>
		<marc:subfield code="c">N46901</marc:subfield>
	</marc:datafield>
	<marc:datafield ind1="4" ind2=" " tag="510">
		<marc:subfield code="a">English novel, 1770-1829,</marc:subfield>
		<marc:subfield code="c">1796:88</marc:subfield>
	</marc:datafield>
	<marc:datafield ind1="4" ind2=" " tag="510">
		<marc:subfield code="a">Block, A.  Engl. novel (1961 ed.),</marc:subfield>
		<marc:subfield code="c">p.247</marc:subfield>
	</marc:datafield>
	<marc:datafield ind1=" " ind2=" " tag="591">
		<marc:subfield code="1">Ah! wilt thou then recall the seene of woe,--- and teach again my scalding tear to flow?--- Thou know'st not how tremendous is the tale;--- my brain will madden, and my utterance fail.</marc:subfield>
		<marc:subfield code="2">Anonymous</marc:subfield>
		<marc:subfield code="b">Paradise</marc:subfield>
		<marc:subfield code="c">Dante Alighieri</marc:subfield>
		<marc:subfield code="v">v.1</marc:subfield>
		<marc:subfield code="v">v.2</marc:subfield>
		<marc:subfield code="v">v.3</marc:subfield>
		<marc:subfield code="x">Lord Carlisle translation of Dante. Found in "The Vision of Dante Alighieri: Paradise" By Dante Alighieri and Paget Jackson Toynbee.</marc:subfield>
	</marc:datafield>
	<marc:datafield ind1=" " ind2=" " tag="592">
		<marc:subfield code="a">Third-person</marc:subfield>
	</marc:datafield>
	<marc:datafield ind1=" " ind2=" " tag="599">
		<marc:subfield code="a">Author (text)</marc:subfield>
		<marc:subfield code="b">Proper name</marc:subfield>
		<marc:subfield code="2">By George Walker, author of the House of Tynian, &amp;c.</marc:subfield>
		<marc:subfield code="3">Title page</marc:subfield>
		<marc:subfield code="5">Male</marc:subfield>
		<marc:subfield code="6">Male</marc:subfield>
	</marc:datafield>
	<marc:datafield ind1=" " ind2="4" tag="650">
		<marc:subfield code="a">CHR 1796</marc:subfield>
	</marc:datafield>
	<marc:datafield ind1=" " ind2="4" tag="650">
		<marc:subfield code="a">PRO Bedford, Francis, duke of (bookplate)</marc:subfield>
	</marc:datafield>
	<marc:datafield ind1="0" ind2="2" tag="740">
		<marc:subfield code="a">Benevolent Jew.</marc:subfield>
	</marc:datafield>
	<marc:datafield ind1=" " ind2=" " tag="656">
        <marc:subfield code="a">Fiction</marc:subfield>
        <marc:subfield code="b">Back</marc:subfield>
        <marc:subfield code="c">Same author</marc:subfield>
        <marc:subfield code="v">v.2</marc:subfield>
		<marc:subfield code="x">Heading: "Novels by the author of Theodore Cyphon"</marc:subfield>
    </marc:datafield>
    <marc:datafield ind1=" " ind2=" " tag="656">
        <marc:subfield code="a">Mixed Genre</marc:subfield>
        <marc:subfield code="b">Back</marc:subfield>
        <marc:subfield code="c">Same publishers</marc:subfield>
        <marc:subfield code="v">v.2</marc:subfield>
		<marc:subfield code="x">Heading: "New and entertaining books, published by B. Crosby, No. 4, Stationers Court, Ludgate Street."</marc:subfield>
    </marc:datafield>
	<marc:datafield ind1=" " ind2=" " tag="700">
		<marc:subfield code="a">Walker, George</marc:subfield>
		<marc:subfield code="d">1772-1847</marc:subfield>
		<marc:subfield code="4">Author</marc:subfield>
		<marc:subfield code="5">Authorized</marc:subfield>
	</marc:datafield>
	<marc:datafield ind1=" " ind2=" " tag="700">
		<marc:subfield code="a">Benjamin Crosby</marc:subfield>
		<marc:subfield code="d">17..-18..</marc:subfield>
		<marc:subfield code="4">Printed for</marc:subfield>
		<marc:subfield code="5">Authorized</marc:subfield>
	</marc:datafield>
	<marc:datafield ind1=" " ind2=" " tag="700">
		<marc:subfield code="a">Russell, Francis</marc:subfield>
		<marc:subfield code="d">1816-1891</marc:subfield>
		<marc:subfield code="4">Author (bookplate)</marc:subfield>
		<marc:subfield code="5">Authorized</marc:subfield>
	</marc:datafield>
	<marc:datafield ind1="2" ind2=" " tag="710">
		<marc:subfield code="a">Collection of British and American Fiction, 1660-1830 (University of Pennsylvania)</marc:subfield>
		<marc:subfield code="5">PU</marc:subfield>
	</marc:datafield>
	<marc:datafield ind1="2" ind2=" " tag="710">
		<marc:subfield code="a">Early Novels</marc:subfield>
		<marc:subfield code="5">University of Pennsylvania</marc:subfield>
	</marc:datafield>
	<marc:datafield ind1=" " ind2=" " tag="950">
		<marc:subfield code="l">RBC</marc:subfield>
		<marc:subfield code="e">\\Singer-\Menden-\hall\</marc:subfield>
		<marc:subfield code="v">3 v.</marc:subfield>
		<marc:subfield code="i">11/13/86 C</marc:subfield>
	</marc:datafield>
	<marc:datafield ind1=" " ind2=" " tag="955">
		<marc:subfield code="l">RBC</marc:subfield>
		<marc:subfield code="c">1:(v.1-3)</marc:subfield>
		<marc:subfield code="q">55-339</marc:subfield>
		<marc:subfield code="s">Ex libris Bedford, Francis , duke of (bookplate)</marc:subfield>
		<marc:subfield code="i">11/13/86 C</marc:subfield>
	</marc:datafield>
	<marc:datafield ind1=" " ind2=" " tag="989">
		<marc:subfield code="1">The house of Tynian</marc:subfield>
		<marc:subfield code="2">Jew</marc:subfield>
		<marc:subfield code="2">Novel</marc:subfield>
		<marc:subfield code="2">Volumes</marc:subfield>
		<marc:subfield code="2">Author</marc:subfield>
		<marc:subfield code="2">House</marc:subfield>
		<marc:subfield code="3">Benevolent</marc:subfield>
		<marc:subfield code="3">Three</marc:subfield>
		<marc:subfield code="5">Theodore Cyphon</marc:subfield>
		<marc:subfield code="5">George Walker</marc:subfield>
		<marc:subfield code="5">Tynian</marc:subfield>
	</marc:datafield>
	<marc:datafield ind1=" " ind2=" " tag="999">
		<marc:subfield code="a">DPL</marc:subfield>
		<marc:subfield code="b">6/29/18</marc:subfield>
		<marc:subfield code="c">University of Pennsylvania</marc:subfield>
		<marc:subfield code="d">IC</marc:subfield>
	</marc:datafield>
</marc:record>