<marc:record>
	<marc:leader>01292cam a2200373   4500</marc:leader>
	<marc:controlfield tag="001">99871943503681</marc:controlfield>
	<marc:controlfield tag="005">20141119164622.0</marc:controlfield>
	<marc:controlfield tag="008">861119s1795    enk           00001 eng  </marc:controlfield>
	<marc:datafield tag="010" ind1=" " ind2=" ">
		<marc:subfield code="a">   08029731 </marc:subfield>
	</marc:datafield>
	<marc:datafield tag="035" ind1=" " ind2=" ">
		<marc:subfield code="a">(OCoLC)ocm13326103</marc:subfield>
	</marc:datafield>
	<marc:datafield tag="035" ind1=" " ind2=" ">
		<marc:subfield code="a">(OCoLC)13326103</marc:subfield>
	</marc:datafield>
	<marc:datafield tag="035" ind1=" " ind2=" ">
		<marc:subfield code="a">(CStRLIN)PAUG86-B48815</marc:subfield>
	</marc:datafield>
	<marc:datafield tag="035" ind1=" " ind2=" ">
		<marc:subfield code="a">(CaOTULAS)185123713</marc:subfield>
	</marc:datafield>
	<marc:datafield tag="035" ind1=" " ind2=" ">
		<marc:subfield code="9">AAK8763</marc:subfield>
	</marc:datafield>
	<marc:datafield tag="035" ind1=" " ind2=" ">
		<marc:subfield code="a">87194</marc:subfield>
	</marc:datafield>
	<marc:datafield tag="035" ind1=" " ind2=" ">
		<marc:subfield code="a">(PU)87194-penndb-Voyager</marc:subfield>
	</marc:datafield>
	<marc:datafield tag="035" ind1=" " ind2=" ">
		<marc:subfield code="a">(PennHoldings)108514</marc:subfield>
	</marc:datafield>
	<marc:datafield tag="040" ind1=" " ind2=" ">
		<marc:subfield code="d">PU</marc:subfield>
		<marc:subfield code="d">PU</marc:subfield>
	</marc:datafield>
	<marc:datafield tag="050" ind1="0" ind2=" ">
		<marc:subfield code="a">PR5449.S4</marc:subfield>
		<marc:subfield code="b">T7</marc:subfield>
	</marc:datafield>
	<marc:datafield tag="090" ind1=" " ind2=" ">
		<marc:subfield code="a">PR5449.S4</marc:subfield>
		<marc:subfield code="b">T7</marc:subfield>
		<marc:subfield code="i">11/19/86 CT</marc:subfield>
	</marc:datafield>
	<marc:datafield tag="100" ind1="1" ind2=" ">
		<marc:subfield code="a">Sherwood,</marc:subfield>
		<marc:subfield code="c">Mrs.</marc:subfield>
		<marc:subfield code="q">(Mary Martha),</marc:subfield>
		<marc:subfield code="d">1775-1851.</marc:subfield>
	</marc:datafield>
	<marc:datafield tag="245" ind1="1" ind2="4">
		<marc:subfield code="a">The traditions, a legendary tale.</marc:subfield>
		<marc:subfield code="c">Written by a young lady.</marc:subfield>
	</marc:datafield>
	<marc:datafield tag="246" ind1=" " ind2=" ">
		<marc:subfield code="a">The traditions, a legendary tale. In two volumes. Written by a young lady.</marc:subfield>
		<marc:subfield code="d">Letter-press</marc:subfield>
		<marc:subfield code="x">Work</marc:subfield>
		<marc:subfield code="v">v.1</marc:subfield>
	</marc:datafield>
	<marc:datafield tag="260" ind1=" " ind2=" ">
		<marc:subfield code="a">London</marc:subfield>
		<marc:subfield code="b">Printed for William Lane, Minerva, Leadenhall Street.</marc:subfield>
		<marc:subfield code="c">1795</marc:subfield>
		<marc:subfield code="c">M.DCC.XCV.</marc:subfield>
		<marc:subfield code="v">v.1</marc:subfield>
		<marc:subfield code="x">No title page/publication information in v.2</marc:subfield>
	</marc:datafield>
	<marc:datafield tag="300" ind1=" " ind2=" ">
		<marc:subfield code="a">2 v. ;</marc:subfield>
		<marc:subfield code="c">18 cm.</marc:subfield>
		<marc:subfield code="x">Duodecimo</marc:subfield>
		<marc:subfield code="z">In two volumes.</marc:subfield>
	</marc:datafield>
	<marc:datafield tag="500" ind1=" " ind2=" ">
		<marc:subfield code="a">List of subscribers: vol. 1, p. v-xxviii.</marc:subfield>
	</marc:datafield>
	<marc:datafield tag="500" ind1=" " ind2=" ">
		<marc:subfield code="a">Pressed leaf (gingko?) found between pages. 32 + 33</marc:subfield>
	</marc:datafield>
	<marc:datafield tag="510" ind1="4" ind2=" ">
		<marc:subfield code="a">ESTC (RLIN)</marc:subfield>
		<marc:subfield code="c">T62636</marc:subfield>
	</marc:datafield>
	<marc:datafield tag="510" ind1="4" ind2=" ">
		<marc:subfield code="a">English novel, 1770-1829,</marc:subfield>
		<marc:subfield code="c">1795: 40</marc:subfield>
	</marc:datafield>
	<marc:datafield tag="510" ind1="4" ind2=" ">
		<marc:subfield code="a">Block, A.  Engl. novel (1961 ed.),</marc:subfield>
		<marc:subfield code="c">p. 216.</marc:subfield>
	</marc:datafield>
	<marc:datafield tag="520" ind1=" " ind2=" ">
		<marc:subfield code="a">Subscribers' list</marc:subfield>
		<marc:subfield code="b">List of Subscribers.</marc:subfield>
		<marc:subfield code="c">Front</marc:subfield>
		<marc:subfield code="v">v.1</marc:subfield>
		<marc:subfield code="x">Alphabetical, with subscribers with titles at the head of each letter.</marc:subfield>
	</marc:datafield>
	<marc:datafield tag="591" ind1=" " ind2=" ">
		<marc:subfield code="a">"Since in history events are of a mixed nature, and often happen alike to the worthless and deserving; insomuch that we frequently see a virtuous man dying in the midst of disappointments and calamities, and the vicious end their days in prosperity and peace: I love to amuse myself with the accounts I meet with in fabulous histories and fictions; for in this kind of writings we have always the pleasure of seing vice punished and virtue rewarded."</marc:subfield>
		<marc:subfield code="2">Addison.</marc:subfield>
		<marc:subfield code="b">The Tatler</marc:subfield>
		<marc:subfield code="c">Joseph Addison</marc:subfield>
		<marc:subfield code="v">v.1</marc:subfield>
	</marc:datafield>
	<marc:datafield tag="592" ind1=" " ind2=" ">
		<marc:subfield code="a">Third-person</marc:subfield>
	</marc:datafield>
	<marc:datafield tag="593" ind1=" " ind2=" ">
		<marc:subfield code="a">His Grace the Duke of Atholl; Her Grace the Duchess of Atholl; The Rt. Hon. the Lord Bishop of St. Asaph, 3 copies; The Rt. Hon. Henry Addington, esq. M.P. Speaker to the House of Commons; Lady Andrews; The Honourable W. H. Ashton, Ch. Ch. Oxford; Francis Annesley, esq. M.P.; Henry Alexander, esq. Askeyton, Ireland, M.P.; Adams, Miss Mary; Adams, Miss, Lichfield; Aisley, Stephen, esq. Kensington Terrace; Alcock, Jos. esq. Treasury; Alcome, Miss; Alex, Mrs. J. Swaffham, 3 copies; Ambrose, John, esq.; Amyatt, Mrs. J.; Andrews, J. P. esq. Brompton; Annesley, Martin, esq. Reading; Arden, Captain, Lichfield; Ashwell, Miss, Lichfield; Aspinal, Mrs. Birmingham; Aubrey, Miss, the Grove, 3 copies</marc:subfield>
        <marc:subfield code="x">Only first page of subscribers' names recorded. Subscribers with royal titles at the head of each letter, alphabetical.</marc:subfield>	
	</marc:datafield>
	<marc:datafield tag="595" ind1=" " ind2=" ">
		<marc:subfield code="a">Pencil</marc:subfield>
		<marc:subfield code="b">Reader markings</marc:subfield>
		<marc:subfield code="v">v.1</marc:subfield>
		<marc:subfield code="x">On title page: "1 Js"</marc:subfield>
	</marc:datafield>
	<marc:datafield tag="599" ind1=" " ind2=" ">
		<marc:subfield code="a">Author (text)</marc:subfield>
		<marc:subfield code="b">Generic/Descriptive</marc:subfield>
		<marc:subfield code="2">Written by a young lady.</marc:subfield>
		<marc:subfield code="3">Title Page</marc:subfield>
		<marc:subfield code="5">Female</marc:subfield>
		<marc:subfield code="6">Female</marc:subfield>
		<marc:subfield code="v">v.1</marc:subfield>
	</marc:datafield>
	<marc:datafield tag="650" ind1=" " ind2="4">
		<marc:subfield code="a">CHR 1795</marc:subfield>
	</marc:datafield>
	<marc:datafield tag="650" ind1=" " ind2="4">
		<marc:subfield code="a">PRO Singer, Leah (donor)</marc:subfield>
	</marc:datafield>
	<marc:datafield tag="650" ind1=" " ind2="4">
		<marc:subfield code="a">PRO Singer, Jacob (donor)</marc:subfield>
	</marc:datafield>
	<marc:datafield tag="650" ind1=" " ind2="4">
		<marc:subfield code="a">PRO Singer, Godfrey F. (honoree)</marc:subfield>
	</marc:datafield>
	<marc:datafield tag="656" ind1=" " ind2=" ">
	    <marc:subfield code="a">Non-fiction</marc:subfield>
	    <marc:subfield code="b">Back</marc:subfield>
	    <marc:subfield code="c">No relation</marc:subfield>
	    <marc:subfield code="v">v.2</marc:subfield>
	</marc:datafield>
	<marc:datafield tag="700" ind1=" " ind2=" ">
		<marc:subfield code="a">Sherwood, Mary Martha</marc:subfield>
		<marc:subfield code="d">1775-1851</marc:subfield>
		<marc:subfield code="4">Author (text)</marc:subfield>
		<marc:subfield code="5">Authorized</marc:subfield>
	</marc:datafield>
	<marc:datafield tag="700" ind1=" " ind2=" ">
	    <marc:subfield code="a">Lane, William</marc:subfield>
	    <marc:subfield code="d">1745?-1814</marc:subfield>
	    <marc:subfield code="4">Printed for</marc:subfield>
	    <marc:subfield code="5">Authorized</marc:subfield>
	</marc:datafield>
	<marc:datafield tag="700" ind1=" " ind2=" ">
	    <marc:subfield code="a">Addison, Joseph</marc:subfield>
	    <marc:subfield code="d">1672-1719</marc:subfield>
	    <marc:subfield code="4">Author (epigraph)</marc:subfield>
	    <marc:subfield code="5">Authorized</marc:subfield>
	</marc:datafield>
	<marc:datafield tag="710" ind1=" " ind2=" ">
	    <marc:subfield code="a">Minerva Press</marc:subfield>
	    <marc:subfield code="4">Printed for</marc:subfield>
	    <marc:subfield code="5">Authorized</marc:subfield>
	</marc:datafield>
	<marc:datafield tag="710" ind1="2" ind2=" ">
		<marc:subfield code="a">Collection of British and American Fiction, 1660-1830 (University of Pennsylvania)</marc:subfield>
		<marc:subfield code="5">PU</marc:subfield>
	</marc:datafield>
	<marc:datafield tag="710" ind1="2" ind2=" ">
		<marc:subfield code="a">Early Novels</marc:subfield>
		<marc:subfield code="5">University of Pennsylvania</marc:subfield>
	</marc:datafield>
	<marc:datafield tag="752" ind1=" " ind2=" ">
		<marc:subfield code="a">England</marc:subfield>
		<marc:subfield code="d">London</marc:subfield>
	</marc:datafield>
	<marc:datafield tag="950" ind1=" " ind2=" ">
		<marc:subfield code="l">RBC</marc:subfield>
		<marc:subfield code="e">\\Singer-\Menden-\hall\</marc:subfield>
		<marc:subfield code="v">2 v.</marc:subfield>
		<marc:subfield code="i">11/19/86 C</marc:subfield>
	</marc:datafield>
	<marc:datafield tag="955" ind1=" " ind2=" ">
		<marc:subfield code="l">RBC</marc:subfield>
		<marc:subfield code="c">1:(v.1-2)</marc:subfield>
		<marc:subfield code="q">725865-6</marc:subfield>
		<marc:subfield code="q">g. Mr. and Mrs. Jacob Singer</marc:subfield>
		<marc:subfield code="i">11/19/86 C</marc:subfield>
	</marc:datafield>
	<marc:datafield tag="989" ind1=" " ind2=" ">
		<marc:subfield code="2">Tradition</marc:subfield>
		<marc:subfield code="2">Tale</marc:subfield>
		<marc:subfield code="2">Lady</marc:subfield>
		<marc:subfield code="3">Young</marc:subfield>
		<marc:subfield code="3">Legendary</marc:subfield>
		<marc:subfield code="3">Two</marc:subfield>
		<marc:subfield code="6">Write</marc:subfield>
	</marc:datafield>
	<marc:datafield tag="999" ind1=" " ind2=" ">
		<marc:subfield code="a">AS</marc:subfield>
		<marc:subfield code="b">06/15/18</marc:subfield>
		<marc:subfield code="c">University of Pennsylvania</marc:subfield>
		<marc:subfield code="d">IC</marc:subfield>
	</marc:datafield>
</marc:record>