
	<marc:record>
	<marc:leader>01346cam a2200349 a 4500</marc:leader>
	<marc:controlfield tag="001">99875323503681</marc:controlfield>
	<marc:controlfield tag="005">20141119164927.0</marc:controlfield>
	<marc:controlfield tag="008">861125s1795    ie            00000 eng d</marc:controlfield>
	<marc:datafield tag="035" ind1=" " ind2=" ">
		<marc:subfield code="a">(OCoLC)ocm79647711</marc:subfield>
	</marc:datafield>
	<marc:datafield tag="035" ind1=" " ind2=" ">
		<marc:subfield code="a">(OCoLC)79647711</marc:subfield>
	</marc:datafield>
	<marc:datafield tag="035" ind1=" " ind2=" ">
		<marc:subfield code="a">(CStRLIN)PAUG86-B49237</marc:subfield>
	</marc:datafield>
	<marc:datafield tag="035" ind1=" " ind2=" ">
		<marc:subfield code="a">(CaOTULAS)185126191</marc:subfield>
	</marc:datafield>
	<marc:datafield tag="035" ind1=" " ind2=" ">
		<marc:subfield code="9">AAK9110</marc:subfield>
	</marc:datafield>
	<marc:datafield tag="035" ind1=" " ind2=" ">
		<marc:subfield code="a">87532</marc:subfield>
	</marc:datafield>
	<marc:datafield tag="035" ind1=" " ind2=" ">
		<marc:subfield code="a">(PU)87532-penndb-Voyager</marc:subfield>
	</marc:datafield>
	<marc:datafield tag="035" ind1=" " ind2=" ">
		<marc:subfield code="a">(PennHoldings)108875</marc:subfield>
	</marc:datafield>
	<marc:datafield tag="040" ind1=" " ind2=" ">
		<marc:subfield code="a">PU</marc:subfield>
		<marc:subfield code="c">PU</marc:subfield>
	</marc:datafield>
	<marc:datafield tag="090" ind1=" " ind2=" ">
		<marc:subfield code="a">PR4525.D53</marc:subfield>
		<marc:subfield code="b">E5 1795b</marc:subfield>
		<marc:subfield code="i">12/01/86 CT</marc:subfield>
	</marc:datafield>
	<marc:datafield tag="100" ind1="1" ind2="0">
		<marc:subfield code="a">Davies, Edward,</marc:subfield>
		<marc:subfield code="d">1756-1831.</marc:subfield>
	</marc:datafield>
	<marc:datafield tag="245" ind1="1" ind2="0">
		<marc:subfield code="a">Elisa Powell, or Trials of sensibility :</marc:subfield>
		<marc:subfield code="b">a series of original letters /</marc:subfield>
		<marc:subfield code="c">collected by a Welsh curate.</marc:subfield>
	</marc:datafield>
	<marc:datafield tag="246" ind1=" " ind2=" ">
		<marc:subfield code="a">Elisa Powell, or the trials of sensibility: a series of original letters, collected by a Welsh curate.</marc:subfield>
		<marc:subfield code="d">Letter-press</marc:subfield>
		<marc:subfield code="g">Full</marc:subfield>
		<marc:subfield code="x">Work</marc:subfield>
	</marc:datafield>
	<marc:datafield tag="260" ind1="0" ind2=" ">
		<marc:subfield code="a">Dublin</marc:subfield>
		<marc:subfield code="b">Printed for Messrs. Wogan, Byrne and Rice.</marc:subfield>
		<marc:subfield code="c">1795</marc:subfield>
		<marc:subfield code="c">1795.</marc:subfield>
	</marc:datafield>
	<marc:datafield tag="300" ind1=" " ind2=" ">
		<marc:subfield code="a">300 p. ;</marc:subfield>
		<marc:subfield code="c">18 cm. (12mo)</marc:subfield>
		<marc:subfield code="x">Duodecimo</marc:subfield>
	</marc:datafield>
	<marc:datafield tag="500" ind1=" " ind2=" ">
		<marc:subfield code="a">The 'Welsh curate' is Edward Davies.  Cf. BM.</marc:subfield>
	</marc:datafield>
	<marc:datafield tag="500" ind1=" " ind2=" ">
		<marc:subfield code="a">First published by G. G. and J. Robinson, London, in two vols., 1795.</marc:subfield>
	</marc:datafield>
	<marc:datafield tag="510" ind1="4" ind2=" ">
		<marc:subfield code="a">ESTC (RLIN)</marc:subfield>
		<marc:subfield code="c">T178744</marc:subfield>
	</marc:datafield>
	<marc:datafield tag="510" ind1="4" ind2=" ">
		<marc:subfield code="a">Black, F.G.  Epistolary fiction</marc:subfield>
		<marc:subfield code="c">443</marc:subfield>
	</marc:datafield>
	<marc:datafield tag="510" ind1="4" ind2=" ">
		<marc:subfield code="a">English novel, 1770-1829,</marc:subfield>
		<marc:subfield code="c">1795:18</marc:subfield>
	</marc:datafield>
	<marc:datafield tag="510" ind1="4" ind2=" ">
		<marc:subfield code="a">Block, A.  Engl. novel (1961 ed.),</marc:subfield>
		<marc:subfield code="c">p.54</marc:subfield>
	</marc:datafield>
	<marc:datafield tag="520" ind1=" " ind2=" ">
        <marc:subfield code="a">Poem</marc:subfield>
        <marc:subfield code="b">Address to the Summer.</marc:subfield>
        <marc:subfield code="c">Middle</marc:subfield>
        <marc:subfield code="x">Located on pgs. 81-3. First sentence: "Thou Summer, so lovely and gay,--- Ah, whither, so soon, art thou gone!"</marc:subfield>
	</marc:datafield>
	<marc:datafield tag="520" ind1=" " ind2=" ">
        <marc:subfield code="a">Poem</marc:subfield>
        <marc:subfield code="c">Middle</marc:subfield>
        <marc:subfield code="x">Located on p. 97-9. First line: "Hark, I strike the nuptial lay!</marc:subfield>        
   	</marc:datafield>
	<marc:datafield tag="591" ind1=" " ind2=" ">
		<marc:subfield code="a">Mentem mortalia tangunt.</marc:subfield>
		<marc:subfield code="b">Aenid</marc:subfield>            
        <marc:subfield code="c">Virgil</marc:subfield>
		<marc:subfield code="d">Mortal things touch the mind</marc:subfield>
		<marc:subfield code="x">Translation Source: https://en.wikipedia.org/wiki/Lacrimae_rerum</marc:subfield>
	</marc:datafield>
	<marc:datafield tag="592" ind1=" " ind2=" ">
		<marc:subfield code="a">Epistolary</marc:subfield>
	</marc:datafield>
	<marc:datafield tag="655" ind1=" " ind2="7">
		<marc:subfield code="a">Epistolary fiction</marc:subfield>
		<marc:subfield code="z">England</marc:subfield>
		<marc:subfield code="y">18th century.</marc:subfield>
		<marc:subfield code="2">rbgenr</marc:subfield>
	</marc:datafield>
	<marc:datafield tag="650" ind1=" " ind2="4">
		<marc:subfield code="a">CHR 1795</marc:subfield>
	</marc:datafield>
	<marc:datafield tag="700" ind1=" " ind2=" ">
		<marc:subfield code="a">Wogan, Patrick</marc:subfield>
		<marc:subfield code="d">1740?-1816</marc:subfield>
		<marc:subfield code="4">Printed for</marc:subfield>
		<marc:subfield code="5">Authorized</marc:subfield>
	</marc:datafield>	
	<marc:datafield tag="700" ind1=" " ind2=" ">
		<marc:subfield code="a">Byrne, Patrick</marc:subfield>
		<marc:subfield code="d">1741?-1814</marc:subfield>
		<marc:subfield code="4">Printed for</marc:subfield>
		<marc:subfield code="5">Authorized</marc:subfield>
	</marc:datafield>	
	<marc:datafield tag="700" ind1=" " ind2=" ">
		<marc:subfield code="a">Rice, John</marc:subfield>
		<marc:subfield code="d">active 1790-1800</marc:subfield>
		<marc:subfield code="4">Printed for</marc:subfield>
		<marc:subfield code="5">Authorized</marc:subfield>
	</marc:datafield>
	<marc:datafield tag="710" ind1="2" ind2=" ">
		<marc:subfield code="a">Collection of British and American Fiction, 1660-1830 (University of Pennsylvania)</marc:subfield>
		<marc:subfield code="5">PU</marc:subfield>
	</marc:datafield>
	<marc:datafield tag="710" ind1="2" ind2=" ">
		<marc:subfield code="a">Early Novels</marc:subfield>
		<marc:subfield code="5">University of Pennsylvania</marc:subfield>
	</marc:datafield>
	<marc:datafield tag="950" ind1=" " ind2=" ">
		<marc:subfield code="l">RBC</marc:subfield>
		<marc:subfield code="e">\\Singer-\Menden-\hall\</marc:subfield>
		<marc:subfield code="i">12/01/86 C</marc:subfield>
	</marc:datafield>
	<marc:datafield tag="955" ind1=" " ind2=" ">
		<marc:subfield code="l">RBC</marc:subfield>
		<marc:subfield code="c">1</marc:subfield>
		<marc:subfield code="q">53-1894</marc:subfield>
		<marc:subfield code="i">12/01/86 C</marc:subfield>
	</marc:datafield>
	<marc:datafield tag="989" ind1=" " ind2=" ">
		<marc:subfield code="2">Trial</marc:subfield>
		<marc:subfield code="2">Sensibility</marc:subfield>
		<marc:subfield code="2">Series</marc:subfield>
		<marc:subfield code="2">Curate</marc:subfield>
		<marc:subfield code="3">Original</marc:subfield>
		<marc:subfield code="3">Welsh</marc:subfield>
		<marc:subfield code="5">Elisa Powell</marc:subfield>
		<marc:subfield code="6">Collect</marc:subfield>
		<marc:subfield code="7">Letter</marc:subfield>
    </marc:datafield>
    <marc:datafield tag="999" ind1=" " ind2=" ">
		<marc:subfield code="a">AS</marc:subfield>
		<marc:subfield code="b">6/12/18</marc:subfield>
		<marc:subfield code="c">University of Pennsylvania</marc:subfield>
		<marc:subfield code="a">IC</marc:subfield>
	</marc:datafield>
</marc:record>