<marc:record>
	<marc:leader>01704cam a2200397 a 4500</marc:leader>
	<marc:controlfield tag="005">20141119165825.0</marc:controlfield>
	<marc:controlfield tag="008">861218s1796    enk           00000 eng d</marc:controlfield>
	<marc:controlfield tag="001">99895513503681</marc:controlfield>
	<marc:datafield ind1=" " ind2=" " tag="035">
		<marc:subfield code="a">(OCoLC)ocm47840681</marc:subfield>
	</marc:datafield>
	<marc:datafield ind1=" " ind2=" " tag="035">
		<marc:subfield code="a">(OCoLC)47840681</marc:subfield>
	</marc:datafield>
	<marc:datafield ind1=" " ind2=" " tag="035">
		<marc:subfield code="a">(CStRLIN)PAUG86-B52169</marc:subfield>
	</marc:datafield>
	<marc:datafield ind1=" " ind2=" " tag="035">
		<marc:subfield code="a">(CaOTULAS)185139328</marc:subfield>
	</marc:datafield>
	<marc:datafield ind1=" " ind2=" " tag="035">
		<marc:subfield code="9">AAL1194</marc:subfield>
	</marc:datafield>
	<marc:datafield ind1=" " ind2=" " tag="035">
		<marc:subfield code="a">89551</marc:subfield>
	</marc:datafield>
	<marc:datafield ind1=" " ind2=" " tag="035">
		<marc:subfield code="a">(PU)89551-penndb-Voyager</marc:subfield>
	</marc:datafield>
	<marc:datafield ind1=" " ind2=" " tag="035">
		<marc:subfield code="a">(PennHoldings)111013</marc:subfield>
	</marc:datafield>
	<marc:datafield ind1=" " ind2=" " tag="040">
		<marc:subfield code="a">PU</marc:subfield>
		<marc:subfield code="c">PU</marc:subfield>
	</marc:datafield>
	<marc:datafield ind1=" " ind2=" " tag="090">
		<marc:subfield code="a">PR5193.P87</marc:subfield>
		<marc:subfield code="b">M3 1796</marc:subfield>
		<marc:subfield code="i">12/19/86 CT</marc:subfield>
	</marc:datafield>
	<marc:datafield ind1="1" ind2="0" tag="100">
		<marc:subfield code="a">Purbeck, Jane,</marc:subfield>
		<marc:subfield code="d">fl. 1791.</marc:subfield>
	</marc:datafield>
	<marc:datafield ind1="1" ind2="0" tag="245">
		<marc:subfield code="a">Matilda and Elizabeth :</marc:subfield>
		<marc:subfield code="b">a novel /</marc:subfield>
		<marc:subfield code="c">by the authors of Honoria Somerville, Rainsford Park, The benevolent Quixote, &amp;c., &amp;c. : in four volumes.</marc:subfield>
	</marc:datafield>
	<marc:datafield ind1=" " ind2=" " tag="246">
		<marc:subfield code="a">Matilda and Elizabeth: a novel.</marc:subfield>
		<marc:subfield code="d">Letter-press</marc:subfield>
		<marc:subfield code="g">Half</marc:subfield>
		<marc:subfield code="x">Volume</marc:subfield>
		<marc:subfield code="v">v.1</marc:subfield>
	</marc:datafield>
	<marc:datafield ind1=" " ind2=" " tag="246">
		<marc:subfield code="a">Matilda and Elizabeth: a novel. By the authors of Honoria Somerville, Rainsford Park, The Benevolent Quixote &amp;c &amp;c. In four volumes. Vol. I.</marc:subfield>
		<marc:subfield code="d">Letter-press</marc:subfield>
		<marc:subfield code="g">Full</marc:subfield>
		<marc:subfield code="x">Volume</marc:subfield>
		<marc:subfield code="v">v.1</marc:subfield>
	</marc:datafield>
	<marc:datafield ind1=" " ind2=" " tag="246">
		<marc:subfield code="a">Matilda and Elizabeth: a novel.</marc:subfield>
		<marc:subfield code="d">Letter-press</marc:subfield>
		<marc:subfield code="g">Half</marc:subfield>
		<marc:subfield code="x">Volume</marc:subfield>
		<marc:subfield code="v">v.2</marc:subfield>
	</marc:datafield>
	<marc:datafield ind1=" " ind2=" " tag="246">
		<marc:subfield code="a">Matilda and Elizabeth: a novel. By the authors of Honoria Somerville, Rainsford Park, The Benevolent Quixote &amp;c &amp;c. In four volumes. Vol. II.</marc:subfield>
		<marc:subfield code="d">Letter-press</marc:subfield>
		<marc:subfield code="g">Full</marc:subfield>
		<marc:subfield code="x">Volume</marc:subfield>
		<marc:subfield code="v">v.2</marc:subfield>
	</marc:datafield>
	<marc:datafield ind1=" " ind2=" " tag="246">
		<marc:subfield code="a">Matilda and Elizabeth: a novel.</marc:subfield>
		<marc:subfield code="d">Letter-press</marc:subfield>
		<marc:subfield code="g">Half</marc:subfield>
		<marc:subfield code="x">Volume</marc:subfield>
		<marc:subfield code="v">v.3</marc:subfield>
	</marc:datafield>
	<marc:datafield ind1=" " ind2=" " tag="246">
		<marc:subfield code="a">Matilda and Elizabeth: a novel. By the authors of Honoria Somerville, Rainsford Park, The Benevolent Quixote &amp;c &amp;c. In four volumes. Vol. III.</marc:subfield>
		<marc:subfield code="d">Letter-press</marc:subfield>
		<marc:subfield code="g">Full</marc:subfield>
		<marc:subfield code="x">Volume</marc:subfield>
		<marc:subfield code="v">v.3</marc:subfield>
	</marc:datafield>
	<marc:datafield ind1=" " ind2=" " tag="246">
		<marc:subfield code="a">Matilda and Elizabeth: a novel.</marc:subfield>
		<marc:subfield code="d">Letter-press</marc:subfield>
		<marc:subfield code="g">Half</marc:subfield>
		<marc:subfield code="x">Volume</marc:subfield>
		<marc:subfield code="v">v.4</marc:subfield>
	</marc:datafield>
	<marc:datafield ind1=" " ind2=" " tag="246">
		<marc:subfield code="a">Matilda and Elizabeth: a novel. By the authors of Honoria Somerville, Rainsford Park, The Benevolent Quixote &amp;c &amp;c. In four volumes. Vol. IV.</marc:subfield>
		<marc:subfield code="d">Letter-press</marc:subfield>
		<marc:subfield code="g">Full</marc:subfield>
		<marc:subfield code="x">Volume</marc:subfield>
		<marc:subfield code="v">v.4</marc:subfield>
	</marc:datafield>
	<marc:datafield ind1=" " ind2=" " tag="260">
		<marc:subfield code="a">London</marc:subfield>
		<marc:subfield code="b">Printed by and for Sampson Low, Berwick Street, Soho; and sold by C. Law, Ave-Maria Lane, and Booker, Bond Street.</marc:subfield>
		<marc:subfield code="c">1796</marc:subfield>
		<marc:subfield code="c">1796.</marc:subfield>
	</marc:datafield>
	<marc:datafield ind1=" " ind2=" " tag="300">
		<marc:subfield code="a">4 v. ;</marc:subfield>
		<marc:subfield code="c">20 cm. (12mo)</marc:subfield>
		<marc:subfield code="x">Duodecimo</marc:subfield>
		<marc:subfield code="z">In four volumes.</marc:subfield>
	</marc:datafield>
	<marc:datafield ind1=" " ind2=" " tag="500">
		<marc:subfield code="a">'Rainsford Park' was written by the Misses Purbeck.  Cf. BM.</marc:subfield>
	</marc:datafield>
	<marc:datafield ind1=" " ind2=" " tag="500">
		<marc:subfield code="a">An epistolary novel.</marc:subfield>
	</marc:datafield>
	<marc:datafield ind1=" " ind2=" " tag="500">
		<marc:subfield code="a">Advertisements: v. 4, [3] p. at end.</marc:subfield>
	</marc:datafield>
	<marc:datafield ind1=" " ind2=" " tag="500">
		<marc:subfield code="a">On all four volumes front cover is bookplate from circulating library. Reads: "Wiffen's circulating ibrary, 7, Royal Terrace, Richmond. Terms: Two pounds per annum. Twelve shillings per quarter. New octave works .......... 3d. per volume. 2d. per day to be paid on each volume detained beyond two days. Books neat and elegantly bound. Newspapers served in town &amp; country. Periodicals erved as soon as published. Stationer, copper-plate engraver, printer &amp;c. &amp;c."</marc:subfield>
	</marc:datafield>
	<marc:datafield ind1=" " ind2=" " tag="500">
		<marc:subfield code="a">Watermark of "1794" in all four volumes on half title page.</marc:subfield>
	</marc:datafield>
	<marc:datafield ind1="4" ind2=" " tag="510">
		<marc:subfield code="a">ESTC (RLIN)</marc:subfield>
		<marc:subfield code="c">N34945</marc:subfield>
	</marc:datafield>
	<marc:datafield ind1="4" ind2=" " tag="510">
		<marc:subfield code="a">English novel, 1770-1829,</marc:subfield>
		<marc:subfield code="c">1796: 75</marc:subfield>
	</marc:datafield>
	<marc:datafield ind1="4" ind2=" " tag="510">
		<marc:subfield code="a">Block, A.  Engl. novel (1961 ed.),</marc:subfield>
		<marc:subfield code="c">p. 192</marc:subfield>
	</marc:datafield>
	<marc:datafield ind1="4" ind2=" " tag="510">
		<marc:subfield code="a">Black, F.G.  Epistolary novel</marc:subfield>
		<marc:subfield code="c">669 (Dublin  2-vol. ed.)</marc:subfield>
	</marc:datafield>
	<marc:datafield ind1=" " ind2=" " tag="520">
		<marc:subfield code="a">Poem</marc:subfield>
		<marc:subfield code="b">Ode. A luxury of woe.</marc:subfield>
		<marc:subfield code="c">Middle</marc:subfield>
		<marc:subfield code="v">v.1</marc:subfield>
		<marc:subfield code="x">Located on p. 69. First stanza: "What is the luxury of woe? ---Is it when grief the bosom tears? ---Tell me, O tell me, ye that know: ---Or when fell disappointment rears ---her scorpion head, and with a visage wan ---Weeps o'er the stroke that marks her iron doom; ---Or when wild apprehension dares to scan ---The web of withering woes that hang in fancy's loom, ---When the sisters dire that rose ---Through the sad Cimmerian grove ---With look unbidden dare to pry ---Into the dreary gloom of dark futurity?"</marc:subfield>
	</marc:datafield>
	<marc:datafield ind1=" " ind2=" " tag="591">
		<marc:subfield code="a">Smiles on the past Misfortune's brow, ---Soft Reflection's hand can trace, ---And o'er the cheek of Sorrow throw ---A melancholy grace; ---While Hope prolongs our happier hour, ---Or deepest shades that dimly low'r, ---And darken round our weary way, ---Gild with a gleam of distant day.</marc:subfield>
		<marc:subfield code="2">Gray.</marc:subfield>
		<marc:subfield code="b">Ode on the pleasure arising from vicissitude</marc:subfield>
		<marc:subfield code="c">Thomas Gray</marc:subfield>
		<marc:subfield code="v">v.1</marc:subfield>
		<marc:subfield code="v">v.2</marc:subfield>
		<marc:subfield code="v">v.3</marc:subfield>
		<marc:subfield code="v">v.4</marc:subfield>
	</marc:datafield>
	<marc:datafield ind1=" " ind2=" " tag="592">
		<marc:subfield code="a">Epistolary</marc:subfield>
		<marc:subfield code="b">First-person</marc:subfield>
	</marc:datafield>
	<marc:datafield ind1=" " ind2=" " tag="595">
		<marc:subfield code="a">Ink</marc:subfield>
		<marc:subfield code="b">Numbers</marc:subfield>
		<marc:subfield code="b">Words</marc:subfield>
		<marc:subfield code="v">v.1</marc:subfield>
		<marc:subfield code="x">On front pastedown endpaper: "2000" and "ZX"</marc:subfield>
	</marc:datafield>
	<marc:datafield ind1=" " ind2=" " tag="599">
		<marc:subfield code="a">Author (text)</marc:subfield>
		<marc:subfield code="b">Reference to other works</marc:subfield>
		<marc:subfield code="2">By the authors of Honoria Somerville, Rainsford park, The Benevolent Quixote, &amp;c. &amp;c.</marc:subfield>
		<marc:subfield code="3">Title Page</marc:subfield>
		<marc:subfield code="5">Indeterminate</marc:subfield>
		<marc:subfield code="6">Female</marc:subfield>
	</marc:datafield>
	<marc:datafield ind1=" " ind2="7" tag="655">
		<marc:subfield code="a">Epistolary fiction</marc:subfield>
		<marc:subfield code="z">England</marc:subfield>
		<marc:subfield code="y">18th century.</marc:subfield>
		<marc:subfield code="2">rbgenr</marc:subfield>
	</marc:datafield>
	<marc:datafield ind1=" " ind2="7" tag="655">
		<marc:subfield code="a">Publishers' advertisements</marc:subfield>
		<marc:subfield code="z">England</marc:subfield>
		<marc:subfield code="y">18th century.</marc:subfield>
		<marc:subfield code="2">rbgenr</marc:subfield>
	</marc:datafield>
	<marc:datafield ind1=" " ind2="4" tag="650">
		<marc:subfield code="a">CHR 1796</marc:subfield>
	</marc:datafield>
	<marc:datafield ind1=" " ind2="4" tag="650">
		<marc:subfield code="a">PRO Wiffen's circulating library, Richmond, Eng. (bookplates on covers)</marc:subfield>
	</marc:datafield>
	<marc:datafield ind1=" " ind2="4" tag="650">
		<marc:subfield code="a">PRO Mendenhall, John C. (donor)</marc:subfield>
	</marc:datafield>
	<marc:datafield ind1=" " ind2=" " tag="656">
		<marc:subfield code="a">Mixed Genre</marc:subfield>
		<marc:subfield code="b">Back</marc:subfield>
		<marc:subfield code="c">Same publisher</marc:subfield>
		<marc:subfield code="x">Heading: "Books printed by and for Sampson Low, Berwick Street, Soho." Also includes an excerpt from the English Review for March 1796, reviewing 'The Foresters. A novel. Altered from the French by Miss Gunning. In four volumes, 12mo. 12s.'</marc:subfield>
	</marc:datafield>
	<marc:datafield ind1="1" ind2="0" tag="700">
		<marc:subfield code="a">Purbeck,</marc:subfield>
		<marc:subfield code="d">fl. 1791.</marc:subfield>
	</marc:datafield>
	<marc:datafield ind1=" " ind2=" " tag="700">
		<marc:subfield code="a">Purbeck, Jane</marc:subfield>
		<marc:subfield code="4">Author (text)</marc:subfield>
		<marc:subfield code="5">Authorized</marc:subfield>
	</marc:datafield>
	<marc:datafield ind1=" " ind2=" " tag="700">
		<marc:subfield code="a">Low, Sampson</marc:subfield>
		<marc:subfield code="d">176.-1800</marc:subfield>
		<marc:subfield code="4">Printed for</marc:subfield>
		<marc:subfield code="4">Printed by</marc:subfield>
		<marc:subfield code="5">Authorized</marc:subfield>
	</marc:datafield>
	<marc:datafield ind1=" " ind2=" " tag="700">
		<marc:subfield code="a">Law, Charles</marc:subfield>
		<marc:subfield code="d">1763-1827</marc:subfield>
		<marc:subfield code="4">Sold by</marc:subfield>
		<marc:subfield code="5">Authorized</marc:subfield>
	</marc:datafield>
	<marc:datafield ind1=" " ind2=" " tag="700">
		<marc:subfield code="a">Booker, Thomas</marc:subfield>
		<marc:subfield code="d">17..-18..</marc:subfield>
		<marc:subfield code="4">Sold by</marc:subfield>
		<marc:subfield code="5">Authorized</marc:subfield>
	</marc:datafield>
	<marc:datafield ind1=" " ind2=" " tag="700">
		<marc:subfield code="a">Gray, Thomas</marc:subfield>
		<marc:subfield code="d">1716-1771</marc:subfield>
		<marc:subfield code="4">Author (epigraph)</marc:subfield>
		<marc:subfield code="5">Authorized</marc:subfield>
	</marc:datafield>
	<marc:datafield ind1=" " ind2=" " tag="710">
		<marc:subfield code="a">Wiffen's circulating library</marc:subfield>
		<marc:subfield code="4">Author (bookplate)</marc:subfield>
		<marc:subfield code="5">Unauthorized</marc:subfield>
	</marc:datafield>
	<marc:datafield ind1="2" ind2=" " tag="710">
		<marc:subfield code="a">Collection of British and American Fiction, 1660-1830 (University of Pennsylvania)</marc:subfield>
		<marc:subfield code="5">PU</marc:subfield>
	</marc:datafield>
	<marc:datafield ind1="2" ind2=" " tag="710">
		<marc:subfield code="a">Early Novels</marc:subfield>
		<marc:subfield code="5">University of Pennsylvania</marc:subfield>
	</marc:datafield>

	<marc:datafield ind1=" " ind2=" " tag="950">
		<marc:subfield code="l">RBC</marc:subfield>
		<marc:subfield code="e">\\Singer-\Menden-\hall\</marc:subfield>
		<marc:subfield code="v">4 v.</marc:subfield>
		<marc:subfield code="i">12/19/86 C</marc:subfield>
	</marc:datafield>
	<marc:datafield ind1=" " ind2=" " tag="955">
		<marc:subfield code="l">RBC</marc:subfield>
		<marc:subfield code="c">1:(v.1-4)</marc:subfield>
		<marc:subfield code="q">50-1246</marc:subfield>
		<marc:subfield code="s">g. John C. Mendenhall</marc:subfield>
		<marc:subfield code="i">12/19/86 C</marc:subfield>
	</marc:datafield>
	<marc:datafield ind1=" " ind2=" " tag="989">
		<marc:subfield code="1">Honoria Somerville</marc:subfield>
		<marc:subfield code="1">Rainsford Park</marc:subfield>
		<marc:subfield code="1">Benevolent Quixote</marc:subfield>
		<marc:subfield code="2">Novel</marc:subfield>
		<marc:subfield code="2">Author</marc:subfield>
		<marc:subfield code="2">Volume</marc:subfield>
		<marc:subfield code="3">Four</marc:subfield>
		<marc:subfield code="5">Matilda</marc:subfield>
		<marc:subfield code="5">Elizabeth</marc:subfield>
	</marc:datafield>
	<marc:datafield ind1=" " ind2=" " tag="999">
		<marc:subfield code="a">SH</marc:subfield>
		<marc:subfield code="b">6/27/18</marc:subfield>
		<marc:subfield code="c">Swarthmore College</marc:subfield>
		<marc:subfield code="d">IC</marc:subfield>
	</marc:datafield>
</marc:record>