
<marc:record>
	<marc:leader>01450cam a2200397   4500</marc:leader>
	<marc:controlfield tag="005">20141120100116.0</marc:controlfield>
	<marc:controlfield tag="008">861016s1796    enk           00011 eng d</marc:controlfield>
	<marc:controlfield tag="001">991068733503681</marc:controlfield>
	<marc:datafield ind1=" " ind2=" " tag="010">
		<marc:subfield code="a">   01005178 </marc:subfield>
	</marc:datafield>
	<marc:datafield ind1=" " ind2=" " tag="035">
		<marc:subfield code="a">(OCoLC)ocm00994380</marc:subfield>
	</marc:datafield>
	<marc:datafield ind1=" " ind2=" " tag="035">
		<marc:subfield code="a">(OCoLC)994380</marc:subfield>
	</marc:datafield>
	<marc:datafield ind1=" " ind2=" " tag="035">
		<marc:subfield code="a">(CStRLIN)PAUG86-B44866</marc:subfield>
	</marc:datafield>
	<marc:datafield ind1=" " ind2=" " tag="035">
		<marc:subfield code="a">(CaOTULAS)146817559</marc:subfield>
	</marc:datafield>
	<marc:datafield ind1=" " ind2=" " tag="035">
		<marc:subfield code="9">AAQ1855</marc:subfield>
	</marc:datafield>
	<marc:datafield ind1=" " ind2=" " tag="035">
		<marc:subfield code="a">106873</marc:subfield>
	</marc:datafield>
	<marc:datafield ind1=" " ind2=" " tag="035">
		<marc:subfield code="a">(PU)106873-penndb-Voyager</marc:subfield>
	</marc:datafield>
	<marc:datafield ind1=" " ind2=" " tag="035">
		<marc:subfield code="a">(PennHoldings)130170</marc:subfield>
	</marc:datafield>
	<marc:datafield ind1=" " ind2=" " tag="040">
		<marc:subfield code="a">NNC</marc:subfield>
		<marc:subfield code="c">NNC</marc:subfield>
	</marc:datafield>
	<marc:datafield ind1="0" ind2=" " tag="050">
		<marc:subfield code="a">PR3316.A4</marc:subfield>
		<marc:subfield code="b">C3 1796</marc:subfield>
	</marc:datafield>
	<marc:datafield ind1=" " ind2=" " tag="090">
		<marc:subfield code="a">PR3316.A4</marc:subfield>
		<marc:subfield code="b">C3 1796</marc:subfield>
		<marc:subfield code="i">10/16/86 CT</marc:subfield>
	</marc:datafield>
	<marc:datafield ind1="1" ind2=" " tag="100">
		<marc:subfield code="a">Burney, Fanny,</marc:subfield>
		<marc:subfield code="d">1752-1840.</marc:subfield>
	</marc:datafield>
	<marc:datafield ind1="1" ind2="0" tag="245">
		<marc:subfield code="a">Camilla: or, A picture of youth.</marc:subfield>
		<marc:subfield code="c">By the author of Evelina, and Cecilia ...</marc:subfield>
	</marc:datafield>
	<marc:datafield ind1=" " ind2=" " tag="246" >
        <marc:subfield code="a">Camilla: or, A picture of youth. By the author of Evelina and Cecilia. In five volumes. Vol. I.</marc:subfield>
        <marc:subfield code="d">Letter-press</marc:subfield>
        <marc:subfield code="g">Full</marc:subfield>
        <marc:subfield code="x">Volume</marc:subfield>
        <marc:subfield code="v">v.1</marc:subfield>
    </marc:datafield>
    <marc:datafield ind1=" " ind2=" " tag="246" >
        <marc:subfield code="a">Camilla: or, A picture of youth. By the author of Evelina and Cecilia. In five volumes. Vol. II.</marc:subfield>
        <marc:subfield code="d">Letter-press</marc:subfield>
        <marc:subfield code="g">Full</marc:subfield>
        <marc:subfield code="x">Volume</marc:subfield>
        <marc:subfield code="v">v.2</marc:subfield>
    </marc:datafield>
    <marc:datafield ind1=" " ind2=" " tag="246" >
        <marc:subfield code="a">Camilla: or, A picture of youth. By the author of Evelina and Cecilia. In five volumes. Vol. III.</marc:subfield>
        <marc:subfield code="d">Letter-press</marc:subfield>
        <marc:subfield code="g">Full</marc:subfield>
        <marc:subfield code="x">Volume</marc:subfield>
        <marc:subfield code="v">v.3</marc:subfield>
    </marc:datafield>
    <marc:datafield ind1=" " ind2=" " tag="246" >
        <marc:subfield code="a">Camilla: or, A picture of youth. By the author of Evelina and Cecilia. In five volumes. Vol. IV.</marc:subfield>
        <marc:subfield code="d">Letter-press</marc:subfield>
        <marc:subfield code="g">Full</marc:subfield>
        <marc:subfield code="x">Volume</marc:subfield>
        <marc:subfield code="v">v.4</marc:subfield>
    </marc:datafield>
    <marc:datafield ind1=" " ind2=" " tag="246" >
        <marc:subfield code="a">Camilla: or, A picture of youth. By the author of Evelina and Cecilia. In five volumes. Vol. V.</marc:subfield>
        <marc:subfield code="d">Letter-press</marc:subfield>
        <marc:subfield code="g">Full</marc:subfield>
        <marc:subfield code="x">Volume</marc:subfield>
        <marc:subfield code="v">v.5</marc:subfield>
    </marc:datafield>
    <marc:datafield ind1="0" ind2="7" tag="246" >
        <marc:subfield code="a">Camilla.</marc:subfield>
        <marc:subfield code="v">v.1</marc:subfield>
        <marc:subfield code="v">v.2</marc:subfield>
        <marc:subfield code="v">v.3</marc:subfield>
        <marc:subfield code="v">v.4</marc:subfield>
        <marc:subfield code="v">v.5</marc:subfield>
    </marc:datafield>
    <marc:datafield ind1="0" ind2="7" tag="246" >
        <marc:subfield code="a">Camilla. (verso)</marc:subfield>
        <marc:subfield code="a">Camilla. (recto)</marc:subfield>
        <marc:subfield code="v">v.1</marc:subfield>
        <marc:subfield code="v">v.2</marc:subfield>
        <marc:subfield code="v">v.3</marc:subfield>
        <marc:subfield code="v">v.4</marc:subfield>
        <marc:subfield code="v">v.5</marc:subfield>
    </marc:datafield>
	<marc:datafield ind1=" " ind2=" " tag="260">
		<marc:subfield code="a">London</marc:subfield>
		<marc:subfield code="b">Printed for T. Payne, at the Mews-Gate; and T. Cadell Jun. and W. Davies (Successors to Mr. Cadell) in the Strand.</marc:subfield>
		<marc:subfield code="c">1796</marc:subfield>
		<marc:subfield code="c">1796.</marc:subfield>
	</marc:datafield>
	<marc:datafield ind1=" " ind2=" " tag="300">
		<marc:subfield code="a">5 v. ;</marc:subfield>
		<marc:subfield code="c">18 cm. (12mo)</marc:subfield>
		<marc:subfield code="x">Duodecimo</marc:subfield>
        <marc:subfield code="z">In five volumes</marc:subfield>
	</marc:datafield>
	<marc:datafield ind1=" " ind2=" " tag="500">
        <marc:subfield code="a">Transcription of bookplate on front paste-down endpaper: "Cervus Lacessitus Leo Richard Brinsley Sheridan"; Transcription of bookplate on front free endpaper: "Library of the University of Pennslyvania The Godfrey F. Singer Memorial Presented by Mr. and Mrs. Jacob Singer"</marc:subfield>
	</marc:datafield>
	<marc:datafield ind1="4" ind2=" " tag="510">
		<marc:subfield code="a">ESTC (RLIN)</marc:subfield>
		<marc:subfield code="c">N64129</marc:subfield>
	</marc:datafield>
	<marc:datafield ind1="4" ind2=" " tag="510">
		<marc:subfield code="a">English novel, 1770-1829,</marc:subfield>
		<marc:subfield code="c">1796:26</marc:subfield>
	</marc:datafield>
	<marc:datafield ind1="4" ind2=" " tag="510">
		<marc:subfield code="a">Block, A.  Engl. novel (1961 ed.),</marc:subfield>
		<marc:subfield code="c">p. 53</marc:subfield>
	</marc:datafield>
	<marc:datafield ind1=" " ind2=" " tag="520" >
        <marc:subfield code="a">Dedication</marc:subfield>
        <marc:subfield code="b">To the Queen.</marc:subfield>
        <marc:subfield code="c">Front</marc:subfield>
        <marc:subfield code="v">v.1</marc:subfield>
        <marc:subfield code="x">Transcription of first sentence: "Madam, that goodness inspires a confidence, which, by diverting respect of terror, excites attachment to greatness, the presentation of this little work to your majesty must truly, however humbly, evince; and though a public manifestation of duty and regard from an obscure individual may betray a proud ambition, it is, I trust, but a venial - I am sure it is a natural one."; Signed: "Madam, your majesty's most obedient, most obliged, and most dutiful servant, F. d'Arblay."; Date: "Bookham, June 28, 1796."</marc:subfield>     
   	</marc:datafield>
   	<marc:datafield ind1=" " ind2=" " tag="520" >
        <marc:subfield code="a">Advertisement</marc:subfield>
        <marc:subfield code="b">Advertisement.</marc:subfield>
        <marc:subfield code="c">Front</marc:subfield>
        <marc:subfield code="v">v.1</marc:subfield>
        <marc:subfield code="x">Transcription: "The author of this little work cannot, in the anxious moment of committing it to its fate, refuse herself the indulgence of expressing some portion of the gratitude with which she is filled, by the highly favorable reception given to her two former attempts in this species of composition; nor forbear pouring forth her thanks to the many friends whose kind zeal has forwarded the present undertaking:----from amongst whom she knows not how to resist selecting and gratifying herself by naming the Hon. Mrs. Boscawen, Mrs. Crewe, and Mrs. Locke."</marc:subfield>     
   	</marc:datafield>
	<marc:datafield ind1=" " ind2=" " tag="520" >
        <marc:subfield code="a">Table of contents</marc:subfield>
        <marc:subfield code="b">Contents of the First Volume.</marc:subfield>
        <marc:subfield code="c">Front</marc:subfield>
        <marc:subfield code="v">v.1</marc:subfield>    
   	</marc:datafield>
   	<marc:datafield ind1=" " ind2=" " tag="520" >
        <marc:subfield code="a">Table of contents</marc:subfield>
        <marc:subfield code="b">Contents of the Second Volume.</marc:subfield>
        <marc:subfield code="c">Front</marc:subfield>
        <marc:subfield code="v">v.2</marc:subfield>    
   	</marc:datafield>
   	<marc:datafield ind1=" " ind2=" " tag="520" >
        <marc:subfield code="a">Table of contents</marc:subfield>
        <marc:subfield code="b">Contents of the Third Volume.</marc:subfield>
        <marc:subfield code="c">Front</marc:subfield>
        <marc:subfield code="v">v.3</marc:subfield>    
   	</marc:datafield>
   	<marc:datafield ind1=" " ind2=" " tag="520" >
        <marc:subfield code="a">Table of contents</marc:subfield>
        <marc:subfield code="b">Contents of the Fourth Volume.</marc:subfield>
        <marc:subfield code="c">Front</marc:subfield>
        <marc:subfield code="v">v.4</marc:subfield>    
   	</marc:datafield>
   	<marc:datafield ind1=" " ind2=" " tag="520" >
        <marc:subfield code="a">Table of contents</marc:subfield>
        <marc:subfield code="b">Contents of the Fifth Volume.</marc:subfield>
        <marc:subfield code="c">Front</marc:subfield>
        <marc:subfield code="v">v.5</marc:subfield>    
   	</marc:datafield>
   	<marc:datafield ind1=" " ind2=" " tag="592">
        <marc:subfield code="a">Third-person</marc:subfield>
    </marc:datafield>
    <marc:datafield ind1=" " ind2=" " tag="593">
        <marc:subfield code="a">His Royal Highness the Duchess of York, His Royal Highness the Duke of Gloucester, Earl of Ashburnham, Countess of Ancram, Viscount St. Asaph, Right Hon. Lady Henrietta Ashburnham, Right Hon. Lady Archer, Miss Abercromby, Miss Abrams, James Adams, Esq., Mrs. Agnew, Miss Alderson, Mrs. Allanson, Rev. Stephen Allen, Lynn, Maxey Allen, Esq. Lynn, Mrs. John Towers Allen, Mrs. Jane Allen, Samuel Anderson, Esq., Mrs Andre</marc:subfield>
        <marc:subfield code="x">The list is long and only the first page is recorded.</marc:subfield>
    </marc:datafield>
    <marc:datafield ind1=" " ind2=" " tag="594">
        <marc:subfield code="a">H. R. H Duke of York</marc:subfield>
        <marc:subfield code="b">Ink</marc:subfield>
        <marc:subfield code="v">v.1</marc:subfield>
    </marc:datafield>
	<marc:datafield ind1=" " ind2=" " tag="599">
        <marc:subfield code="a">Author (text)</marc:subfield>
        <marc:subfield code="b">Reference to other works</marc:subfield>
        <marc:subfield code="2">By the author of Evelina and Cecilia</marc:subfield>
        <marc:subfield code="3">Title Page</marc:subfield>
        <marc:subfield code="5">Indeterminate</marc:subfield>
        <marc:subfield code="6">Female</marc:subfield>
    </marc:datafield> 
    <marc:datafield ind1=" " ind2=" " tag="599">
        <marc:subfield code="a">Author (text)</marc:subfield>
        <marc:subfield code="b">Proper name</marc:subfield>
        <marc:subfield code="2">Madam, your majesty's most obedient, most obliged, and most dutiful servant, F. d'Arblay</marc:subfield>
        <marc:subfield code="3">Dedication</marc:subfield>
        <marc:subfield code="5">Indeterminate</marc:subfield>
        <marc:subfield code="6">Female</marc:subfield>
    </marc:datafield> 
	<marc:datafield ind1=" " ind2="4" tag="650">
		<marc:subfield code="a">CHR 1796</marc:subfield>
	</marc:datafield>
	<marc:datafield ind1=" " ind2="4" tag="650">
		<marc:subfield code="a">PRO Sheridan, Richard Brinsley (bookplate)</marc:subfield>
	</marc:datafield>
	<marc:datafield ind1=" " ind2="4" tag="650">
		<marc:subfield code="a">PRO Singer, Jacob (donor)</marc:subfield>
	</marc:datafield>
	<marc:datafield ind1=" " ind2="4" tag="650">
		<marc:subfield code="a">PRO Singer, Leah (donor)</marc:subfield>
	</marc:datafield>
	<marc:datafield ind1=" " ind2="4" tag="650">
		<marc:subfield code="a">PRO Singer, Godfrey F. (honoree)</marc:subfield>
	</marc:datafield>
	<marc:datafield ind1=" " ind2=" " tag="656">
        <marc:subfield code="a">Fiction</marc:subfield>
        <marc:subfield code="b">Back</marc:subfield>
        <marc:subfield code="c">Same publisher</marc:subfield>
        <marc:subfield code="v">v.1</marc:subfield>
		<marc:subfield code="x">Heading: "In the press, and speedily will be published,"</marc:subfield>
    </marc:datafield>
    <marc:datafield ind1=" " ind2=" " tag="700">
        <marc:subfield code="a">Sheridan, Richard Brinsley</marc:subfield>
        <marc:subfield code="d">1751-1816</marc:subfield>
        <marc:subfield code="4">Author (bookplate)</marc:subfield>
        <marc:subfield code="5">Authorized</marc:subfield>
    </marc:datafield>
    <marc:datafield ind1=" " ind2=" " tag="700">
        <marc:subfield code="a">Singer, Godfrey F</marc:subfield>
        <marc:subfield code="4">Author (bookplate)</marc:subfield>
        <marc:subfield code="5">Authorized</marc:subfield>
    </marc:datafield>
    <marc:datafield ind1=" " ind2=" " tag="700">
        <marc:subfield code="a">Payne, Thomas</marc:subfield>
        <marc:subfield code="d">1719-1799</marc:subfield>
        <marc:subfield code="4">Printed for</marc:subfield>
        <marc:subfield code="5">Authorized</marc:subfield>
    </marc:datafield>
    <marc:datafield ind1=" " ind2=" " tag="700">
        <marc:subfield code="a">Cadell, Thomas</marc:subfield>
        <marc:subfield code="d">1742-1802</marc:subfield>
        <marc:subfield code="4">Printed for</marc:subfield>
        <marc:subfield code="5">Authorized</marc:subfield>
    </marc:datafield>
    <marc:datafield ind1=" " ind2=" " tag="700">
        <marc:subfield code="a">Cadell, Thomas [II]</marc:subfield>
        <marc:subfield code="d">fl. 1765-1793</marc:subfield>
        <marc:subfield code="4">Printed for</marc:subfield>
        <marc:subfield code="5">Authorized</marc:subfield>
    </marc:datafield>
    <marc:datafield ind1=" " ind2=" " tag="700">
        <marc:subfield code="a">Burney, Fanny</marc:subfield>
        <marc:subfield code="d">1752-1840</marc:subfield>
        <marc:subfield code="4">Author (text)</marc:subfield>
        <marc:subfield code="5">Authorized</marc:subfield>
    </marc:datafield>
	<marc:datafield ind1=" " ind2=" " tag="700">
		<marc:subfield code="a">Charlotte, Queen, consort of George III, King of Great Britain</marc:subfield>
		<marc:subfield code="d">1744-1818</marc:subfield>
		<marc:subfield code="4">Dedicatee</marc:subfield>
		<marc:subfield code="5">Authorized</marc:subfield>
	</marc:datafield>
    <marc:datafield ind1=" " ind2=" " tag="700">
        <marc:subfield code="a">Boscawen, Frances Evelyn</marc:subfield>
        <marc:subfield code="d">1719-1805</marc:subfield>
        <marc:subfield code="4">Dedicatee</marc:subfield>
        <marc:subfield code="5">Authorized</marc:subfield>
    </marc:datafield>
    <marc:datafield ind1=" " ind2=" " tag="700">
        <marc:subfield code="a">Mrs. Crewe</marc:subfield>
        <marc:subfield code="4">Dedicatee</marc:subfield>
        <marc:subfield code="5">Unauthorized</marc:subfield>
    </marc:datafield>
	<marc:datafield ind1=" " ind2=" " tag="700">
		<marc:subfield code="a">Mrs. Locke</marc:subfield>
		<marc:subfield code="4">Dedicatee</marc:subfield>
		<marc:subfield code="5">Unauthorized</marc:subfield>
	</marc:datafield>
    <marc:datafield ind1=" " ind2=" " tag="710">
        <marc:subfield code="a">Cadell &amp; Davies</marc:subfield>
		<marc:subfield code="4">Printed for</marc:subfield>
		<marc:subfield code="5">Authorized</marc:subfield>
    </marc:datafield>
	<marc:datafield ind1="2" ind2=" " tag="710">
        <marc:subfield code="a">Early Novels</marc:subfield>
        <marc:subfield code="5">University of Pennsylvania</marc:subfield>
    </marc:datafield>
	<marc:datafield ind1="2" ind2=" " tag="710">
		<marc:subfield code="a">Collection of British and American Fiction, 1660-1830 (University of Pennsylvania)</marc:subfield>
		<marc:subfield code="5">PU</marc:subfield>
	</marc:datafield>
	<marc:datafield ind1="0" ind2="2" tag="740">
		<marc:subfield code="a">Camilla.</marc:subfield>
	</marc:datafield>
	<marc:datafield ind1="0" ind2="2" tag="740">
		<marc:subfield code="a">Picture of youth.</marc:subfield>
	</marc:datafield>
	<marc:datafield ind1=" " ind2=" " tag="752">
		<marc:subfield code="a">England</marc:subfield>
		<marc:subfield code="d">London.</marc:subfield>
	</marc:datafield>
	<marc:datafield ind1=" " ind2=" " tag="950">
		<marc:subfield code="l">RBC</marc:subfield>
		<marc:subfield code="e">\\Singer-\Menden-\hall\</marc:subfield>
		<marc:subfield code="v">5 v.</marc:subfield>
		<marc:subfield code="i">10/16/86 C</marc:subfield>
	</marc:datafield>
	<marc:datafield ind1=" " ind2=" " tag="955">
		<marc:subfield code="l">RBC</marc:subfield>
		<marc:subfield code="c">1:(v.1-5)</marc:subfield>
		<marc:subfield code="q">726452-6</marc:subfield>
		<marc:subfield code="q">g. Mr. and Mrs. Jacob Singer</marc:subfield>
		<marc:subfield code="s">Ex libris Sheridan, Richard Brinsley (bookplate)</marc:subfield>
		<marc:subfield code="i">10/16/86 C</marc:subfield>
	</marc:datafield>
	<marc:datafield ind1=" " ind2=" " tag="989"> 
        <marc:subfield code="1">Evelina</marc:subfield>
        <marc:subfield code="1">Cecilia</marc:subfield>
        <marc:subfield code="2">Picture</marc:subfield>
        <marc:subfield code="2">Youth</marc:subfield>
        <marc:subfield code="2">Author</marc:subfield>
		<marc:subfield code="2">Volume</marc:subfield>
        <marc:subfield code="3">Five</marc:subfield>
        <marc:subfield code="5">Camilla</marc:subfield>
    </marc:datafield>
    <marc:datafield ind1=" " ind2=" " tag="999">
		<marc:subfield code="a">IC</marc:subfield>
		<marc:subfield code="b">7/16/18</marc:subfield>
		<marc:subfield code="c">University of Pennsylvania</marc:subfield>
		<marc:subfield code="d">SH</marc:subfield>
	</marc:datafield>
</marc:record>