<marc:record>
	<marc:leader>01690cam a2200397 a 4500</marc:leader>
	<marc:controlfield tag="005">20141120100119.0</marc:controlfield>
	<marc:controlfield tag="008">861017s1796    enk           00000 eng d</marc:controlfield>
	<marc:controlfield tag="001">991068823503681</marc:controlfield>
	<marc:datafield ind1=" " ind2=" " tag="035">
		<marc:subfield code="a">(OCoLC)ocm17381930</marc:subfield>
	</marc:datafield>
	<marc:datafield ind1=" " ind2=" " tag="035">
		<marc:subfield code="a">(OCoLC)17381930</marc:subfield>
	</marc:datafield>
	<marc:datafield ind1=" " ind2=" " tag="035">
		<marc:subfield code="a">(CStRLIN)PAUG86-B44898</marc:subfield>
	</marc:datafield>
	<marc:datafield ind1=" " ind2=" " tag="035">
		<marc:subfield code="a">(CaOTULAS)146817568</marc:subfield>
	</marc:datafield>
	<marc:datafield ind1=" " ind2=" " tag="035">
		<marc:subfield code="9">AAQ1864</marc:subfield>
	</marc:datafield>
	<marc:datafield ind1=" " ind2=" " tag="035">
		<marc:subfield code="a">106882</marc:subfield>
	</marc:datafield>
	<marc:datafield ind1=" " ind2=" " tag="035">
		<marc:subfield code="a">(PU)106882-penndb-Voyager</marc:subfield>
	</marc:datafield>
	<marc:datafield ind1=" " ind2=" " tag="035">
		<marc:subfield code="a">(PennHoldings)130182</marc:subfield>
	</marc:datafield>
	<marc:datafield ind1=" " ind2=" " tag="040">
		<marc:subfield code="a">PU</marc:subfield>
		<marc:subfield code="c">PU</marc:subfield>
	</marc:datafield>
	<marc:datafield ind1=" " ind2=" " tag="090">
		<marc:subfield code="a">PR4518.C19</marc:subfield>
		<marc:subfield code="b">P38 1796</marc:subfield>
		<marc:subfield code="i">10/20/86 CT</marc:subfield>
	</marc:datafield>
	<marc:datafield ind1="1" ind2=" " tag="100">
		<marc:subfield code="a">Crespigny, Mary Champion de,</marc:subfield>
		<marc:subfield code="c">Lady,</marc:subfield>
		<marc:subfield code="d">d. 1812.</marc:subfield>
	</marc:datafield>
	<marc:datafield ind1="1" ind2="4" tag="245">
		<marc:subfield code="a">The pavilion :</marc:subfield>
		<marc:subfield code="b">a novel : in four volumes.</marc:subfield>
	</marc:datafield>
	<marc:datafield ind1=" " ind2=" " tag="246" >
        <marc:subfield code="a">The pavilion. A novel.</marc:subfield>
        <marc:subfield code="d">Letter-press</marc:subfield>
        <marc:subfield code="g">Half</marc:subfield>
        <marc:subfield code="x">Work</marc:subfield>
        <marc:subfield code="v">v.1</marc:subfield>
    </marc:datafield>
    <marc:datafield ind1=" " ind2=" " tag="246" >
        <marc:subfield code="a">The pavilion. A novel. In four volumes. Vol. I.</marc:subfield>
        <marc:subfield code="d">Letter-press</marc:subfield>
        <marc:subfield code="g">Full</marc:subfield>
        <marc:subfield code="x">Volume</marc:subfield>
        <marc:subfield code="v">v.1</marc:subfield>
    </marc:datafield>
    <marc:datafield ind1=" " ind2=" " tag="246" >
        <marc:subfield code="a">The pavilion. A novel.</marc:subfield>
        <marc:subfield code="d">Letter-press</marc:subfield>
        <marc:subfield code="g">Half</marc:subfield>
        <marc:subfield code="x">Work</marc:subfield>
        <marc:subfield code="v">v.2</marc:subfield>
    </marc:datafield>
    <marc:datafield ind1=" " ind2=" " tag="246" >
        <marc:subfield code="a">The pavilion. A novel. In four volumes. Vol. II.</marc:subfield>
        <marc:subfield code="d">Letter-press</marc:subfield>
        <marc:subfield code="g">Full</marc:subfield>
        <marc:subfield code="x">Volume</marc:subfield>
        <marc:subfield code="v">v.2</marc:subfield>
    </marc:datafield>
    <marc:datafield ind1="0" ind2="7" tag="246" >
        <marc:subfield code="a">The pavilion.</marc:subfield>
        <marc:subfield code="v">v.1</marc:subfield>
        <marc:subfield code="v">v.2</marc:subfield>
    </marc:datafield>
    <marc:datafield ind1="0" ind2="7" tag="246" >
        <marc:subfield code="a">The pavilion. (verso)</marc:subfield>
        <marc:subfield code="a">The pavilion. (recto)</marc:subfield>
        <marc:subfield code="v">v.1</marc:subfield>
        <marc:subfield code="v">v.2</marc:subfield>
    </marc:datafield>
	<marc:datafield ind1=" " ind2=" " tag="260">
		<marc:subfield code="a">London</marc:subfield>
		<marc:subfield code="b">Printed for William Lane, at the Minerva Press, Leadenhall-Street.</marc:subfield>
		<marc:subfield code="c">1796</marc:subfield>
		<marc:subfield code="c">M.DCC.XC.VI.</marc:subfield>
	</marc:datafield>
	<marc:datafield ind1=" " ind2=" " tag="300">
		<marc:subfield code="a">4 v. ;</marc:subfield>
		<marc:subfield code="c">18 cm. (12mo)</marc:subfield>
		<marc:subfield code="x">Duodecimo</marc:subfield>
		<marc:subfield code="z">In four volumes.</marc:subfield>
	</marc:datafield>
	<marc:datafield ind1=" " ind2=" " tag="500">
		<marc:subfield code="a">Published anonymously. By Mary Champion de Crespigny, whose monogram appears on t.p. of each volume within the legend "Mens sibi conscia recti".</marc:subfield>
	</marc:datafield>
	<marc:datafield ind1=" " ind2=" " tag="500">
		<marc:subfield code="a">Each chapter begins with chapter summary.</marc:subfield>
	</marc:datafield>
	<marc:datafield ind1="4" ind2=" " tag="510">
		<marc:subfield code="a">ESTC (RLIN)</marc:subfield>
		<marc:subfield code="c">T95847</marc:subfield>
	</marc:datafield>
	<marc:datafield ind1="4" ind2=" " tag="510">
		<marc:subfield code="a">English novel, 1770-1829,</marc:subfield>
		<marc:subfield code="c">1796:35</marc:subfield>
	</marc:datafield>
	<marc:datafield ind1="4" ind2=" " tag="510">
		<marc:subfield code="a">Block, A.  Engl. novel (1961 ed.),</marc:subfield>
		<marc:subfield code="c">p.49</marc:subfield>
	</marc:datafield>
	<marc:datafield ind1=" " ind2=" " tag="520" >
        <marc:subfield code="a">Dedication</marc:subfield>
        <marc:subfield code="b">To Sir Henry Martin, Bart.</marc:subfield>
        <marc:subfield code="c">Front</marc:subfield>
        <marc:subfield code="v">v.1</marc:subfield>
        <marc:subfield code="x">Transcription of first line: "Sir, tho' my name is not annexed to the following volumes, I am persuaded you will know to a certainty the Author, who freely confesses that to your most excellent Father they were to have been addressed."; Signed: "Your very faithful Friend, and much obliged humble servant, the author."</marc:subfield>     
   	</marc:datafield>
	<marc:datafield ind1=" " ind2=" " tag="520" >
        <marc:subfield code="a">Errata</marc:subfield>
        <marc:subfield code="b">Errata-Vol. I.</marc:subfield>
        <marc:subfield code="c">Back</marc:subfield>
        <marc:subfield code="v">v.1</marc:subfield>
   	</marc:datafield>
   	<marc:datafield ind1=" " ind2=" " tag="520" >
        <marc:subfield code="a">Errata</marc:subfield>
        <marc:subfield code="b">Errata-Vol. II.</marc:subfield>
        <marc:subfield code="c">Back</marc:subfield>
        <marc:subfield code="v">v.2</marc:subfield>
   	</marc:datafield>
   	<marc:datafield ind1=" " ind2=" " tag="520" >
        <marc:subfield code="a">Errata</marc:subfield>
        <marc:subfield code="b">Errata-Vol. III.</marc:subfield>
        <marc:subfield code="c">Back</marc:subfield>
        <marc:subfield code="v">v.3</marc:subfield>
   	</marc:datafield>
   	<marc:datafield ind1=" " ind2=" " tag="520" >
        <marc:subfield code="a">Errata</marc:subfield>
        <marc:subfield code="b">Errata-Vol. IV.</marc:subfield>
        <marc:subfield code="c">Back</marc:subfield>
        <marc:subfield code="v">v.4</marc:subfield>
   	</marc:datafield>
   	<marc:datafield ind1=" " ind2=" " tag="592">
        <marc:subfield code="a">Third-person</marc:subfield>
    </marc:datafield>
    <marc:datafield ind1=" " ind2=" " tag="594">
        <marc:subfield code="a">M H Norton</marc:subfield>
        <marc:subfield code="b">Ink</marc:subfield>
        <marc:subfield code="v">v.1</marc:subfield>
        <marc:subfield code="v">v.2</marc:subfield>
        <marc:subfield code="v">v.3</marc:subfield>
        <marc:subfield code="v">v.4</marc:subfield>
		<marc:subfield code="x">Located on front free endpaper.</marc:subfield>
    </marc:datafield>    
	<marc:datafield ind1=" " ind2=" " tag="599">
        <marc:subfield code="a">Author (text)</marc:subfield>
        <marc:subfield code="b">Generic/Descriptive</marc:subfield>
        <marc:subfield code="2">Your very faithful Friend, and much obliged humble servant, the author</marc:subfield>
        <marc:subfield code="3">Dedication</marc:subfield>
        <marc:subfield code="5">Indeterminate</marc:subfield>
		<marc:subfield code="6">Female</marc:subfield>
        <marc:subfield code="v">v.1</marc:subfield>
    </marc:datafield> 
    <marc:datafield ind1=" " ind2=" " tag="599">
        <marc:subfield code="a">Author (paratext)</marc:subfield>
        <marc:subfield code="b">Generic/Descriptive</marc:subfield>
        <marc:subfield code="2">Your very faithful Friend, and much obliged humble servant, the author</marc:subfield>
        <marc:subfield code="3">Dedication</marc:subfield>
        <marc:subfield code="5">Indeterminate</marc:subfield>
		<marc:subfield code="6">Female</marc:subfield>
        <marc:subfield code="v">v.1</marc:subfield>
    </marc:datafield> 
	<marc:datafield ind1=" " ind2="4" tag="650">
		<marc:subfield code="a">CHR 1796</marc:subfield>
	</marc:datafield>
	<marc:datafield ind1=" " ind2="4" tag="650">
		<marc:subfield code="a">PRO Singer, Jacob (donor) (copy 1)</marc:subfield>
	</marc:datafield>
	<marc:datafield ind1=" " ind2="4" tag="650">
		<marc:subfield code="a">PRO Singer, Leah (donor) (copy 1)</marc:subfield>
	</marc:datafield>
	<marc:datafield ind1=" " ind2="4" tag="650">
		<marc:subfield code="a">PRO Singer, Godfrey F. (honoree) (copy 1)</marc:subfield>
	</marc:datafield>
	<marc:datafield ind1=" " ind2="4" tag="650">
		<marc:subfield code="a">PRO Bateman, Elizabeth (autograph) (copy 1)</marc:subfield>
	</marc:datafield>
	<marc:datafield ind1=" " ind2="4" tag="650">
		<marc:subfield code="a">PRO Mendenhall, John C. (donor) (copy 2)</marc:subfield>
	</marc:datafield>
	<marc:datafield ind1=" " ind2="4" tag="650">
		<marc:subfield code="a">PRO Norton, M. H. (autograph) (copy 2)</marc:subfield>
	</marc:datafield>
	<marc:datafield ind1=" " ind2=" " tag="700">
        <marc:subfield code="a">William Lane</marc:subfield>
        <marc:subfield code="d">1745-1814</marc:subfield>
        <marc:subfield code="4">Printed For</marc:subfield>
        <marc:subfield code="5">Authorized</marc:subfield>
    </marc:datafield> 
    <marc:datafield ind1=" " ind2=" " tag="700">
        <marc:subfield code="a">M H Norton</marc:subfield>
        <marc:subfield code="4">Inscribed by</marc:subfield>
        <marc:subfield code="5">Unauthorized</marc:subfield>
    </marc:datafield>
    <marc:datafield ind1=" " ind2=" " tag="700">
        <marc:subfield code="a">Champion de Crespigny, Mary</marc:subfield>
        <marc:subfield code="d">1748?-1812</marc:subfield>
        <marc:subfield code="4">Author (text)</marc:subfield>
		<marc:subfield code="4">Author (paratext)</marc:subfield>
        <marc:subfield code="5">Authorized</marc:subfield>
    </marc:datafield>
    <marc:datafield ind1=" " ind2=" " tag="710">
        <marc:subfield code="a">Minerva Press</marc:subfield>
        <marc:subfield code="4">Printed for</marc:subfield>
        <marc:subfield code="5">Authorized</marc:subfield>
    </marc:datafield>         
	<marc:datafield ind1="2" ind2=" " tag="710">
        <marc:subfield code="a">Early Novels</marc:subfield>
        <marc:subfield code="5">University of Pennsylvania</marc:subfield>
    </marc:datafield>
	<marc:datafield ind1="2" ind2=" " tag="710">
		<marc:subfield code="a">Collection of British and American Fiction, 1660-1830 (University of Pennsylvania)</marc:subfield>
		<marc:subfield code="5">PU</marc:subfield>
	</marc:datafield>
	<marc:datafield ind1=" " ind2=" " tag="752">
		<marc:subfield code="a">England</marc:subfield>
		<marc:subfield code="d">London.</marc:subfield>
	</marc:datafield>
	<marc:datafield ind1=" " ind2=" " tag="950">
		<marc:subfield code="l">RBC</marc:subfield>
		<marc:subfield code="e">\\Singer-\Menden-\hall\</marc:subfield>
		<marc:subfield code="v">4 v.</marc:subfield>
		<marc:subfield code="i">10/20/86 C</marc:subfield>
	</marc:datafield>
	<marc:datafield ind1=" " ind2=" " tag="955">
		<marc:subfield code="l">RBC</marc:subfield>
		<marc:subfield code="c">1:(v.1-4)</marc:subfield>
		<marc:subfield code="q">725078-81</marc:subfield>
		<marc:subfield code="q">g. Mr. and Mrs. Jacob Singer</marc:subfield>
		<marc:subfield code="s">Ex libris: Bateman, Elizabeth</marc:subfield>
		<marc:subfield code="i">10/20/86 C</marc:subfield>
	</marc:datafield>
	<marc:datafield ind1=" " ind2=" " tag="955">
		<marc:subfield code="l">RBC</marc:subfield>
		<marc:subfield code="c">2:(v.1-4)</marc:subfield>
		<marc:subfield code="q">50-648</marc:subfield>
		<marc:subfield code="q">g. Dr. John C. Mendenhall</marc:subfield>
		<marc:subfield code="s">Ex libris: Norton, M.H.</marc:subfield>
		<marc:subfield code="i">10/20/86 C</marc:subfield>
	</marc:datafield>
	<marc:datafield ind1=" " ind2=" " tag="989"> 
        <marc:subfield code="2">Pavilion</marc:subfield>
        <marc:subfield code="2">Novel</marc:subfield>
		<marc:subfield code="2">Volume</marc:subfield>
        <marc:subfield code="3">Four</marc:subfield>
    </marc:datafield>
    <marc:datafield ind1=" " ind2=" " tag="999">
		<marc:subfield code="a">IC</marc:subfield>
		<marc:subfield code="b">7/10/18</marc:subfield>
		<marc:subfield code="c">University of Pennsylvania</marc:subfield>
		<marc:subfield code="d">SH</marc:subfield>
	</marc:datafield>
</marc:record>