	<marc:record>
	<marc:leader>02227cam a2200493 a 4500</marc:leader>
	<marc:controlfield tag="005">20141205195614.0</marc:controlfield>
	<marc:controlfield tag="008">910107s1797    enk           00010 eng d</marc:controlfield>
	<marc:controlfield tag="001">9912957033503681</marc:controlfield>
	<marc:datafield ind1=" " ind2=" " tag="010">
		<marc:subfield code="a">   10023182  </marc:subfield>
	</marc:datafield>
	<marc:datafield ind1=" " ind2=" " tag="035">
		<marc:subfield code="a">(OCoLC)ocn228748021</marc:subfield>
	</marc:datafield>
	<marc:datafield ind1=" " ind2=" " tag="035">
		<marc:subfield code="a">(OCoLC)228748021</marc:subfield>
	</marc:datafield>
	<marc:datafield ind1=" " ind2=" " tag="035">
		<marc:subfield code="a">(CStRLIN)PAUG91-B528</marc:subfield>
	</marc:datafield>
	<marc:datafield ind1=" " ind2=" " tag="035">
		<marc:subfield code="9">AJQ5327</marc:subfield>
	</marc:datafield>
	<marc:datafield ind1=" " ind2=" " tag="035">
		<marc:subfield code="a">1295703</marc:subfield>
	</marc:datafield>
	<marc:datafield ind1=" " ind2=" " tag="035">
		<marc:subfield code="a">(PU)1295703-penndb-Voyager</marc:subfield>
	</marc:datafield>
	<marc:datafield ind1=" " ind2=" " tag="035">
		<marc:subfield code="a">(PennHoldings)1479801</marc:subfield>
	</marc:datafield>
	<marc:datafield ind1=" " ind2=" " tag="040">
		<marc:subfield code="a">RPJCB</marc:subfield>
		<marc:subfield code="c">RPJCB</marc:subfield>
	</marc:datafield>
	<marc:datafield ind1=" " ind2=" " tag="041">
		<marc:subfield code="a">eng</marc:subfield>
		<marc:subfield code="h">fre</marc:subfield>
	</marc:datafield>
	<marc:datafield ind1=" " ind2=" " tag="043">
		<marc:subfield code="a">n-cn---</marc:subfield>
	</marc:datafield>
	<marc:datafield ind1="0" ind2=" " tag="050">
		<marc:subfield code="a">F1030</marc:subfield>
		<marc:subfield code="b">.C825</marc:subfield>
	</marc:datafield>
	<marc:datafield ind1=" " ind2=" " tag="090">
		<marc:subfield code="i">01/07/91 CT</marc:subfield>
	</marc:datafield>
	<marc:datafield ind1="1" ind2="0" tag="100">
		<marc:subfield code="a">Crespel, Emmanuel</marc:subfield>
	</marc:datafield>
	<marc:datafield ind1="1" ind2="0" tag="240">
		<marc:subfield code="a">Voiages du R.P. Emmanuel Crespel, dans le Canada.</marc:subfield>
		<marc:subfield code="l">English</marc:subfield>
	</marc:datafield>
	<marc:datafield ind1="1" ind2="0" tag="245">
		<marc:subfield code="a">Travels in North America, /</marc:subfield>
		<marc:subfield code="c">by M. Crespel. With a narrative of his shipwreck, and extraordinary hardships and sufferings on the island of Anticosti; and an account of that island, and of the shipwreck of His Majesty's ship Active, and others.</marc:subfield>
	</marc:datafield>
	<marc:datafield ind1=" " ind2=" " tag="246" >
        <marc:subfield code="a">Travels in North America, by M. Crespel.</marc:subfield>
        <marc:subfield code="d">Letter-press</marc:subfield>
        <marc:subfield code="g">Half</marc:subfield>
        <marc:subfield code="x">Work</marc:subfield>
    </marc:datafield>
	<marc:datafield ind1=" " ind2=" " tag="246" >
        <marc:subfield code="a">Travels in North America, by M. Crespel. With a Narrative of his Shipwreck, and Extraordinary Hardships and Sufferings on the Island of Anticosti; and an Account of that Island, and of the Shipwreck of his Majesty's Ship Active, and Others.</marc:subfield>
        <marc:subfield code="d">Letter-press</marc:subfield>
        <marc:subfield code="g">Full</marc:subfield>
        <marc:subfield code="x">Work</marc:subfield>
    </marc:datafield>
	<marc:datafield ind1="0" ind2=" " tag="260">
		<marc:subfield code="a">London</marc:subfield>
		<marc:subfield code="b">Printed by and for Sampson Low, Berwick Street, Soho.</marc:subfield>
		<marc:subfield code="c">1797.</marc:subfield>
		<marc:subfield code="c">1797</marc:subfield>
	</marc:datafield>
	<marc:datafield ind1="0" ind2=" " tag="261">
        <marc:subfield code="b">Printed by and for Sampson Low</marc:subfield>
        <marc:subfield code="f">Sampson Low</marc:subfield>
    </marc:datafield>
	<marc:datafield ind1=" " ind2=" " tag="300">
		<marc:subfield code="a">xxviii, 187, [1] p. ;</marc:subfield>
		<marc:subfield code="c">20 cm. (12mo)</marc:subfield>
		<marc:subfield code="x">Duodecimo</marc:subfield>
	</marc:datafield>
	<marc:datafield ind1=" " ind2=" " tag="500">
		<marc:subfield code="a">Translation of: Voiages du R.P. Emmanuel Crespel, dans le Canada et son naufrage en revenant en France. Frankfurt, 1742.</marc:subfield>
	</marc:datafield>
	<marc:datafield ind1=" " ind2=" " tag="500">
		<marc:subfield code="a">Signatures: pi  A-H   I   (pi1 verso, pi2 verso blank).</marc:subfield>
	</marc:datafield>
		<marc:datafield ind1=" " ind2=" " tag="500">
		<marc:subfield code="a">"The following description of the island of Anticosti was drawn up by Mr. T. Wright, ..." (p.xii-xxviii).</marc:subfield>
	</marc:datafield>
	<marc:datafield ind1=" " ind2=" " tag="500">
		<marc:subfield code="a">"Books just published by Sampson Low, No. 7, Berwick Street, Soho." (p. [1] at end of book).</marc:subfield>
	</marc:datafield>
	<marc:datafield ind1=" " ind2=" " tag="500">
		<marc:subfield code="a">Bookplate on front paste-down endpaper, transcription: Ex Helen Godey Libris Wilson</marc:subfield>
	</marc:datafield>
	<marc:datafield ind1=" " ind2=" " tag="500">
		<marc:subfield code="a">Letter in the front of the book, transcription: To Sampson Low, Esq, On his 72nd birthday, this little work, printed and published by his father in 1797 is presented, in memorial of a connexion with the Book Trade as enduring as it is honorable - by his friend, Charles Welford.; Date: London November 18, 1869.</marc:subfield>
	</marc:datafield>
	<marc:datafield ind1=" " ind2=" " tag="500">
		<marc:subfield code="a">Transcription of book summary slip: Crespel (Emmanuel) "Travels in North America cre" (p.)60. Crespel (Emmanuel) Travels in North Ameria, with a narrative of his and Extraordinary Hardships and Sufferings on the Island of Anticosti; and an Account of that Island. London, 1797. Fine copy, complete with the very rare half title, half polished morocco, t. e. g. 12mo. 8 10s. (1672) *** Crespel went to America in 1724, and travelled through Cananda, from Quebec to Montreal by way of Michilimakinac, and Lakes Michigan and Huron; from thence he visited Niagara and Detroit, returning to Quebec by way of Lake Champlain. He has a good deal to say abount the Indian inhabitants of those wild regions. For a reprint of the original edition of 1742, see infra. Henry Stevens, Son &amp; Stiles. 1929. My essay. Presentation copy to the son of the publisher (Sampson Low) on this 72nd birthday, Nov. 18th, 1869.</marc:subfield>
	</marc:datafield>
	<marc:datafield ind1=" " ind2=" " tag="500">
		<marc:subfield code="a">Transcription of purchase slip: HGH Bought This Crespel, (Emmanuel) "Travels/in/North America,/by M. Crespel./With a/Narrative of his Shipwreck,/and Extraordinary/Hardships and Sufferings/on the/Island of Anticosti;/and an/Account of that Island,/and of the/Shipwreck/of his/Majesty's Ship Active,/and Others." (London 1797, 1st English edition, after the French edition of 1742 and 1752) 12 - pp. xxviii, 137, plus 1 p. of book advts. This is complete, with what the Stevens 1926 Americana Catalogue calls "the very rare half-title". Bound in half polished dark brown morocco, with top edges of pages gilt. A presentation copy to the son of the publisher (Sampson Low of London) on Nov. 18th, 1869, the son's 72nd birthday. Pasted lightly to the 2nd blank leaf is an autograph letter reading as follows: "To Sampson Low Esq on his 72nd Birthday This little work printed and published by his father in 1797 is presented, in memorial of a connexion with the Book Trade as enduring as it is honorable -- by his friend Charles Welford London November 18 1869" HGW bought this in 1929from Henry Stevens Son &amp; Stiles, London, for whom it was item #1672 in their great 1927 Americana catalogue at L8-10-0 ($41.) However, in her catalogue she did not put her cost in dollars, and J. A. Williams for S. T. Freeman &amp; Co. was driven to independent work, which he did in very few cases. His 1937 appraisal was $60. (Note: This was the only Crespel edition owned by HGW at her death, but on account of our connection with Anticosti Island he had an especial interest for her, and for her me, roo. See other sheets for the other edition acquired by me after 1937. Father Crespel came to America in 1724. He travelled to Quebec to Montreal by a wide sweep which included Lakes Michigan and Huron. From Montreal he visited Detroit, Niagara and Lake Champlain. He wrote much of the Indians he found. On his voyage home he was he was shipwrecked on Anticosti Island, of which he tells in the letters to his brother which make up this book.); Signed: [illegible]</marc:subfield>
	</marc:datafield>
	<marc:datafield ind1="4" ind2=" " tag="510">
		<marc:subfield code="a">Brown, J.C. Cat., 1493-1800,</marc:subfield>
		<marc:subfield code="c">3:3864.</marc:subfield>
	</marc:datafield>
	<marc:datafield ind1="4" ind2=" " tag="510">
		<marc:subfield code="a">Sabin</marc:subfield>
		<marc:subfield code="c">17479.</marc:subfield>
	</marc:datafield>
	<marc:datafield ind1="4" ind2=" " tag="510">
		<marc:subfield code="a">Eighteenth-cent. Brit. books,</marc:subfield>
		<marc:subfield code="c">1:726.</marc:subfield>
	</marc:datafield>
	<marc:datafield ind1="4" ind2=" " tag="510">
		<marc:subfield code="a">ESTC</marc:subfield>
		<marc:subfield code="c">T60593</marc:subfield>
	</marc:datafield>
	<marc:datafield ind1=" " ind2=" " tag="520" >
        <marc:subfield code="a">Introduction</marc:subfield>
        <marc:subfield code="b">Introduction.</marc:subfield>
        <marc:subfield code="c">Front</marc:subfield>
        <marc:subfield code="x">Transcription of first sentence: Some apology may be thought necessary for introducing to the Public the following narrative of a transaction which happened at so distant a period of time; but a recent event, the shipwreck of Lord Dorchester on the Island of Antiscosti, suggested an idea that the public would be glad to receive an account of a spot on the globe hitherto little known, even by name, except to those navigators who fail up the river of St. Lawrence.</marc:subfield>     
   	</marc:datafield>
   	<marc:datafield ind1=" " ind2=" " tag="520" >
        <marc:subfield code="a">Footnotes</marc:subfield>
        <marc:subfield code="c">Middle</marc:subfield>
        <marc:subfield code="x">Footnotes on p.7-8, 39.</marc:subfield>     
   	</marc:datafield>
   	<marc:datafield ind1=" " ind2=" " tag="592">
        <marc:subfield code="a">First-person</marc:subfield>
    </marc:datafield>
    <marc:datafield ind1=" " ind2=" " tag="594">
        <marc:subfield code="a">Charles Welford</marc:subfield>
        <marc:subfield code="b">Ink</marc:subfield>
    </marc:datafield>
    <marc:datafield ind1=" " ind2=" " tag="599">
        <marc:subfield code="a">Author (text)</marc:subfield>
        <marc:subfield code="b">Proper name</marc:subfield>
        <marc:subfield code="2">By M. Crespel</marc:subfield>
        <marc:subfield code="3">Title Page</marc:subfield>
        <marc:subfield code="5">Indeterminate</marc:subfield>
        <marc:subfield code="6">Male</marc:subfield>
    </marc:datafield>    
    <marc:datafield ind1=" " ind2=" " tag="599">
        <marc:subfield code="a">Author (paratext)</marc:subfield>
        <marc:subfield code="b">Proper name</marc:subfield>
        <marc:subfield code="2">Charles Welford</marc:subfield>
        <marc:subfield code="3">Letter</marc:subfield>
        <marc:subfield code="5">Male</marc:subfield>
        <marc:subfield code="6">Male</marc:subfield>
    </marc:datafield>      
	<marc:datafield ind1="2" ind2="1" tag="610">
		<marc:subfield code="a">Recollets (Franciscan).</marc:subfield>
	</marc:datafield>
	<marc:datafield ind1=" " ind2="0" tag="651">
		<marc:subfield code="a">Canada</marc:subfield>
		<marc:subfield code="x">Description and travel.</marc:subfield>
	</marc:datafield>
	<marc:datafield ind1=" " ind2="0" tag="651">
		<marc:subfield code="a">Anticosti Island (Quebec).</marc:subfield>
	</marc:datafield>
	<marc:datafield ind1=" " ind2=" " tag="656">
        <marc:subfield code="a">Mixed Genre</marc:subfield>
        <marc:subfield code="b">Back</marc:subfield>
        <marc:subfield code="c">Same publisher</marc:subfield>
    </marc:datafield>
	<marc:datafield ind1=" " ind2="0" tag="650">
		<marc:subfield code="a">Shipwrecks.</marc:subfield>
	</marc:datafield>
	<marc:datafield ind1=" " ind2="7" tag="655">
		<marc:subfield code="a">Publishers' advertisements</marc:subfield>
		<marc:subfield code="z">England</marc:subfield>
		<marc:subfield code="y">18th century.</marc:subfield>
		<marc:subfield code="2">rbgenr</marc:subfield>
	</marc:datafield>
	<marc:datafield ind1=" " ind2="4" tag="650">
		<marc:subfield code="a">CHR 1797</marc:subfield>
	</marc:datafield>
	<marc:datafield ind1=" " ind2="4" tag="650">
		<marc:subfield code="a">PRO Welford, Charles (autograph)</marc:subfield>
	</marc:datafield>
	<marc:datafield ind1=" " ind2="4" tag="650">
		<marc:subfield code="a">PRO Low, Sampson (inscription)</marc:subfield>
	</marc:datafield>
	<marc:datafield ind1=" " ind2=" " tag="700">
        <marc:subfield code="a">Crespel, Emmanuel</marc:subfield>
        <marc:subfield code="d">1703?-1775</marc:subfield>
        <marc:subfield code="4">Author (text)</marc:subfield>
        <marc:subfield code="5">Authorized</marc:subfield>
    </marc:datafield>
    <marc:datafield ind1=" " ind2=" " tag="700">
        <marc:subfield code="a">Low, Sampson</marc:subfield>
        <marc:subfield code="d">1797-1886</marc:subfield>
        <marc:subfield code="4">Printed By</marc:subfield>
        <marc:subfield code="5">Authorized</marc:subfield>
    </marc:datafield>
    <marc:datafield ind1=" " ind2=" " tag="700">
        <marc:subfield code="a">Welford, Charles</marc:subfield>
        <marc:subfield code="4">Inscribed by</marc:subfield>
        <marc:subfield code="5">Authorized</marc:subfield>
    </marc:datafield>
    <marc:datafield ind1=" " ind2=" " tag="700">
        <marc:subfield code="a">J. A. Williams</marc:subfield>
        <marc:subfield code="5">Unauthorized</marc:subfield>
    </marc:datafield>
    <marc:datafield ind1=" " ind2=" " tag="710">
        <marc:subfield code="a">Henry Stevens, Son &amp; Stiles.</marc:subfield>
        <marc:subfield code="5">Authorized</marc:subfield>
    </marc:datafield>
	<marc:datafield ind1="2" ind2=" " tag="710">
        <marc:subfield code="a">Early Novels</marc:subfield>
        <marc:subfield code="5">University of Pennsylvania</marc:subfield>
    </marc:datafield>
	<marc:datafield ind1="2" ind2=" " tag="710">
		<marc:subfield code="a">Collection of British and American Fiction, 1660-1830 (University of Pennsylvania)</marc:subfield>
		<marc:subfield code="5">PU</marc:subfield>
	</marc:datafield>
	<marc:datafield ind1=" " ind2=" " tag="950">
		<marc:subfield code="l">RBC</marc:subfield>
		<marc:subfield code="b">\FC75\C8648\Eg797t\Dechert\Coll.\</marc:subfield>
		<marc:subfield code="i">01/07/91 C</marc:subfield>
	</marc:datafield>
	<marc:datafield ind1=" " ind2=" " tag="955">
		<marc:subfield code="l">RBC</marc:subfield>
		<marc:subfield code="c">1</marc:subfield>
		<marc:subfield code="q">g. Dechert</marc:subfield>
		<marc:subfield code="i">01/07/91 C</marc:subfield>
	</marc:datafield>
	<marc:datafield ind1=" " ind2=" " tag="998">
		<marc:subfield code="a">01/07/91</marc:subfield>
		<marc:subfield code="t">c</marc:subfield>
		<marc:subfield code="s">9114</marc:subfield>
		<marc:subfield code="n">PU</marc:subfield>
		<marc:subfield code="w">RIBR86B117</marc:subfield>
		<marc:subfield code="d">01/07/91</marc:subfield>
		<marc:subfield code="c">BVE</marc:subfield>
		<marc:subfield code="b">BVE</marc:subfield>
		<marc:subfield code="i">910107</marc:subfield>
		<marc:subfield code="l">PAUG</marc:subfield>
		<marc:subfield code="z">BNA</marc:subfield>
	</marc:datafield>
	<marc:datafield ind1=" " ind2=" " tag="989"> 
        <marc:subfield code="2">Travel</marc:subfield>
        <marc:subfield code="2">Narrative</marc:subfield>
        <marc:subfield code="2">Shipwreck</marc:subfield>
        <marc:subfield code="2">Hardship</marc:subfield>
        <marc:subfield code="2">Suffering</marc:subfield>
        <marc:subfield code="2">Island</marc:subfield>
        <marc:subfield code="2">Account</marc:subfield>
        <marc:subfield code="2">Ship</marc:subfield>
        <marc:subfield code="2">Majesty</marc:subfield>
        <marc:subfield code="3">Extraordinary</marc:subfield>
        <marc:subfield code="4">Anticosti</marc:subfield>
        <marc:subfield code="4">North America</marc:subfield>
        <marc:subfield code="5">M. Crespel</marc:subfield>
		<marc:subfield code="5">Active</marc:subfield>
    </marc:datafield>
    <marc:datafield ind1=" " ind2=" " tag="999">
		<marc:subfield code="a">IC</marc:subfield>
		<marc:subfield code="b">7/19/18</marc:subfield>
		<marc:subfield code="c">University of Pennsylvania</marc:subfield>
    	<marc:subfield code="d">DPL</marc:subfield>
	</marc:datafield>
</marc:record>