
	<marc:record>
	<marc:leader>01386cam a2200325 a 4500</marc:leader>
	<marc:controlfield tag="005">20141121155541.0</marc:controlfield>
	<marc:controlfield tag="008">830413s1797    ne            00010 lat d</marc:controlfield>
	<marc:controlfield tag="001">992861813503681</marc:controlfield>
	<marc:datafield ind1=" " ind2=" " tag="035">
		<marc:subfield code="a">(OCoLC)ocm13596659</marc:subfield>
	</marc:datafield>
	<marc:datafield ind1=" " ind2=" " tag="035">
		<marc:subfield code="a">(OCoLC)13596659</marc:subfield>
	</marc:datafield>
	<marc:datafield ind1=" " ind2=" " tag="035">
		<marc:subfield code="a">(CStRLIN)PAUG83-B13780</marc:subfield>
	</marc:datafield>
	<marc:datafield ind1=" " ind2=" " tag="035">
		<marc:subfield code="a">(CaOTULAS)105116508</marc:subfield>
	</marc:datafield>
	<marc:datafield ind1=" " ind2=" " tag="035">
		<marc:subfield code="9">ABN7676</marc:subfield>
	</marc:datafield>
	<marc:datafield ind1=" " ind2=" " tag="035">
		<marc:subfield code="a">286181</marc:subfield>
	</marc:datafield>
	<marc:datafield ind1=" " ind2=" " tag="035">
		<marc:subfield code="a">(PU)286181-penndb-Voyager</marc:subfield>
	</marc:datafield>
	<marc:datafield ind1=" " ind2=" " tag="035">
		<marc:subfield code="a">(PennHoldings)340044</marc:subfield>
	</marc:datafield>
	<marc:datafield ind1=" " ind2=" " tag="040">
		<marc:subfield code="a">PU</marc:subfield>
		<marc:subfield code="c">PU</marc:subfield>
	</marc:datafield>
	<marc:datafield ind1=" " ind2=" " tag="090">
		<marc:subfield code="a">G490</marc:subfield>
		<marc:subfield code="b">.C35 1797</marc:subfield>
		<marc:subfield code="i">04/22/83 CT</marc:subfield>
		<marc:subfield code="h">04/13/83 CT</marc:subfield>
	</marc:datafield>
	<marc:datafield ind1="1" ind2="0" tag="100">
		<marc:subfield code="a">Campbell, Donald,</marc:subfield>
		<marc:subfield code="d">1751-1804.</marc:subfield>
	</marc:datafield>
	<marc:datafield ind1="1" ind2="2" tag="245">
		<marc:subfield code="a">A journey over land to India, partly by a route never gone before by any European /</marc:subfield>
		<marc:subfield code="c">By Donald Campbell ... ; in a series of letters to his son, comprehending his shipwreck and imprisonment with Hyder Alli and his subsequent negociations and transactions in the east ...</marc:subfield>
	</marc:datafield>
	<marc:datafield ind1=" " ind2=" " tag="246" >
        <marc:subfield code="a">A Journey Over Land to India, Partly by a Route Never Gone Before by any European, by Donald Campbell, of Barbreck, Esq. Who Formerly Commanded a Regiment of Cavalry in the Service of his Highness the Nabob of the Carnatic. In a Series of Letters to his Son. Comprehending his Shipwreck and Imprisonment with Hyder Alli and his Subsequent Negociations and Transactions in the East.</marc:subfield>
        <marc:subfield code="d">Letter-press</marc:subfield>
        <marc:subfield code="g">Full</marc:subfield>
        <marc:subfield code="x">Work</marc:subfield>
    </marc:datafield>
    <marc:datafield ind1="0" ind2="0" tag="246" >
    	<marc:subfield code="x">Changing running title.</marc:subfield>
    </marc:datafield>
	<marc:datafield ind1="0" ind2=" " tag="260">
		<marc:subfield code="a">Philadelphia</marc:subfield>
		<marc:subfield code="b">Printed by T. Dobson, at the Stone House No. 41, South Second Street.</marc:subfield>
		<marc:subfield code="c">1797.</marc:subfield>
		<marc:subfield code="c">1797</marc:subfield>
	</marc:datafield>
	 <marc:datafield ind1="0" ind2=" " tag="261">
        <marc:subfield code="b">Printed by T. Dobson, at the Stone House No. 41, South Second Street.</marc:subfield>
        <marc:subfield code="f">T. Dobson</marc:subfield>
    </marc:datafield>
	<marc:datafield ind1=" " ind2=" " tag="300">
		<marc:subfield code="a">14, 17-424, 6, [2] p. (advertisements on last leaf) ;</marc:subfield>
		<marc:subfield code="c">22 cm. (8vo)</marc:subfield>
		<marc:subfield code="x">Octavo</marc:subfield>
	</marc:datafield>
	<marc:datafield ind1=" " ind2=" " tag="500">
        <marc:subfield code="a">General notes (bookplates, library-related marginalia, other things not captured)</marc:subfield>
	</marc:datafield>
	<marc:datafield ind1="4" ind2=" " tag="510">
		<marc:subfield code="a">ESTC</marc:subfield>
		<marc:subfield code="c">W27524</marc:subfield>
	</marc:datafield>
	<marc:datafield ind1="4" ind2=" " tag="510">
		<marc:subfield code="a">Evans</marc:subfield>
		<marc:subfield code="c">31911</marc:subfield>
	</marc:datafield>
	<marc:datafield ind1=" " ind2=" " tag="520" >
        <marc:subfield code="a">Advertisement</marc:subfield>
        <marc:subfield code="b">Advertisement.</marc:subfield>
        <marc:subfield code="c">Front</marc:subfield>
        <marc:subfield code="x">Transcription of first sentence: The events related in the following pages, naturally became a frequent subject of conversation with my children and my friends.</marc:subfield>     
   	</marc:datafield>
   	<marc:datafield ind1=" " ind2=" " tag="520" >
        <marc:subfield code="a">Table of contents</marc:subfield>
        <marc:subfield code="b">Contents.</marc:subfield>
        <marc:subfield code="c">Front</marc:subfield>    
   	</marc:datafield>
   	<marc:datafield ind1=" " ind2=" " tag="520" >
        <marc:subfield code="a">Conclusion</marc:subfield>
        <marc:subfield code="b">Letter LXIII.</marc:subfield>
        <marc:subfield code="c">Back</marc:subfield>   
   	</marc:datafield>
   	<marc:datafield ind1=" " ind2=" " tag="520" >
        <marc:subfield code="a">Appendix</marc:subfield>
        <marc:subfield code="b">Appendix. Letters from General Mathews. To the Court of Directors of the East India Company. </marc:subfield>
        <marc:subfield code="c">Back</marc:subfield>   
        <marc:subfield code="x">Transcription of first sentence: Honourable Sirs, I have the honor of informing you of the success of your arms on the Malabar coast.</marc:subfield>   
   	</marc:datafield>
   	<marc:datafield ind1=" " ind2=" " tag="591">
        <marc:subfield code="a">---"Heu Quibus Ille Jactatus Fatis."</marc:subfield>
        <marc:subfield code="b">Aeneid</marc:subfield>            
        <marc:subfield code="c">Virgil</marc:subfield>            
        <marc:subfield code="d">Ah, by what fatal disasters has he been tossed.</marc:subfield>
        <marc:subfield code="x">Google Books</marc:subfield>
    </marc:datafield>
    <marc:datafield ind1=" " ind2=" " tag="592">
        <marc:subfield code="a">Epistolary</marc:subfield>
        <marc:subfield code="b">First-person</marc:subfield>
    </marc:datafield>
    <marc:datafield ind1=" " ind2=" " tag="599">
        <marc:subfield code="a">Author (text)</marc:subfield>
        <marc:subfield code="b">Proper name</marc:subfield>
        <marc:subfield code="2">By Donald Campbell, of Barbreck, Esq.</marc:subfield>
        <marc:subfield code="3">Title Page</marc:subfield>
        <marc:subfield code="5">Male</marc:subfield>
        <marc:subfield code="6">Male</marc:subfield>
    </marc:datafield> 
    <marc:datafield ind1=" " ind2=" " tag="656">
        <marc:subfield code="a">Mixed Genre</marc:subfield>
        <marc:subfield code="b">Back</marc:subfield>
        <marc:subfield code="c">Same Publisher</marc:subfield>
    </marc:datafield>
	<marc:datafield ind1=" " ind2="0" tag="650">
		<marc:subfield code="a">Voyages and travels</marc:subfield>
	</marc:datafield>
	<marc:datafield ind1=" " ind2="0" tag="650">
		<marc:subfield code="a">Adventure and adventurers</marc:subfield>
	</marc:datafield>
	<marc:datafield ind1=" " ind2="4" tag="650">
		<marc:subfield code="a">CHR 1797</marc:subfield>
	</marc:datafield>
	<marc:datafield ind1=" " ind2="4" tag="650">
		<marc:subfield code="a">PRO Norris, Charles (donor)</marc:subfield>
	</marc:datafield>
	<marc:datafield ind1=" " ind2=" " tag="700">
        <marc:subfield code="a">Campbell, Donald</marc:subfield>
        <marc:subfield code="d">1751-1804</marc:subfield>
        <marc:subfield code="4">Author (text)</marc:subfield>
        <marc:subfield code="5">Authorized</marc:subfield>
    </marc:datafield>
    <marc:datafield ind1=" " ind2=" " tag="700">
        <marc:subfield code="a">Dobson, Thomas</marc:subfield>
        <marc:subfield code="d">1751-1823</marc:subfield>
        <marc:subfield code="4">Printed by</marc:subfield>
        <marc:subfield code="5">Authorized</marc:subfield>
    </marc:datafield>
	<marc:datafield ind1="2" ind2=" " tag="710">
        <marc:subfield code="a">Early Novels</marc:subfield>
        <marc:subfield code="5">University of Pennsylvania</marc:subfield>
    </marc:datafield>
	<marc:datafield ind1="2" ind2=" " tag="710">
		<marc:subfield code="a">Collection of British and American Fiction, 1660-1830 (University of Pennsylvania)</marc:subfield>
		<marc:subfield code="5">PU</marc:subfield>
	</marc:datafield>
	<marc:datafield ind1=" " ind2=" " tag="950">
		<marc:subfield code="l">RBC</marc:subfield>
		<marc:subfield code="i">04/22/83 RL ?266:sl\Ex Libris\</marc:subfield>
		<marc:subfield code="h">04/13/83 C</marc:subfield>
	</marc:datafield>
	<marc:datafield ind1=" " ind2=" " tag="955">
		<marc:subfield code="l">RBC</marc:subfield>
		<marc:subfield code="c">1</marc:subfield>
		<marc:subfield code="q">55-1574</marc:subfield>
		<marc:subfield code="q">g.Dr. Charles Norris</marc:subfield>
		<marc:subfield code="s">ex libris: Charles Norris</marc:subfield>
		<marc:subfield code="h">04/13/83 C</marc:subfield>
	</marc:datafield>
	<marc:datafield ind1=" " ind2=" " tag="955">
		<marc:subfield code="l">RBC</marc:subfield>
		<marc:subfield code="c">2</marc:subfield>
		<marc:subfield code="q">48262</marc:subfield>
		<marc:subfield code="h">04/13/83 C</marc:subfield>
	</marc:datafield>
	<marc:datafield ind1=" " ind2=" " tag="989"> 
        <marc:subfield code="2">Journey</marc:subfield>
        <marc:subfield code="2">Land</marc:subfield>
        <marc:subfield code="2">Route</marc:subfield>
        <marc:subfield code="2">Regiment</marc:subfield>
        <marc:subfield code="2">Cavalry</marc:subfield>
        <marc:subfield code="2">Service</marc:subfield>
        <marc:subfield code="2">Highness</marc:subfield>
        <marc:subfield code="2">Nabob</marc:subfield>
        <marc:subfield code="2">Series</marc:subfield>
        <marc:subfield code="2">Son</marc:subfield>
        <marc:subfield code="2">European</marc:subfield>
        <marc:subfield code="2">Shipwreck</marc:subfield>
        <marc:subfield code="2">Imrisonment</marc:subfield>
        <marc:subfield code="2">Negociation</marc:subfield>
        <marc:subfield code="2">Transaction</marc:subfield>
        <marc:subfield code="3">Subsequent</marc:subfield>
        <marc:subfield code="4">India</marc:subfield>
        <marc:subfield code="4">Carnatic</marc:subfield>
        <marc:subfield code="4">Barbreck</marc:subfield>
        <marc:subfield code="4">East</marc:subfield>
        <marc:subfield code="5">Donald Campbell</marc:subfield>
        <marc:subfield code="5">Hyder Alli</marc:subfield>
        <marc:subfield code="6">Gone</marc:subfield>
        <marc:subfield code="6">Commanded</marc:subfield>
        <marc:subfield code="6">Comprehending</marc:subfield>
        <marc:subfield code="7">Letter</marc:subfield>
        <marc:subfield code="8">Never</marc:subfield>
        <marc:subfield code="8">Formerly</marc:subfield>
        <marc:subfield code="8">Partly</marc:subfield>
    </marc:datafield>
    <marc:datafield ind1=" " ind2=" " tag="999">
		<marc:subfield code="a">IC</marc:subfield>
		<marc:subfield code="b">7/19/18</marc:subfield>
		<marc:subfield code="c">University of Pennsylvania</marc:subfield>
    	<marc:subfield code="d">DPL</marc:subfield>
	</marc:datafield>
</marc:record>