
<marc:record>
	<marc:leader>01386cam a2200325 a 4500</marc:leader>
	<marc:controlfield tag="005">20141121155541.0</marc:controlfield>
	<marc:controlfield tag="008">830413s1797    ne            00010 lat d</marc:controlfield>
	<marc:controlfield tag="001">992861813503681</marc:controlfield>
	<marc:datafield ind1=" " ind2=" " tag="035">
		<marc:subfield code="a">(OCoLC)ocm13596659</marc:subfield>
	</marc:datafield>
	<marc:datafield ind1=" " ind2=" " tag="035">
		<marc:subfield code="a">(OCoLC)13596659</marc:subfield>
	</marc:datafield>
	<marc:datafield ind1=" " ind2=" " tag="035">
		<marc:subfield code="a">(CStRLIN)PAUG83-B13780</marc:subfield>
	</marc:datafield>
	<marc:datafield ind1=" " ind2=" " tag="035">
		<marc:subfield code="a">(CaOTULAS)105116508</marc:subfield>
	</marc:datafield>
	<marc:datafield ind1=" " ind2=" " tag="035">
		<marc:subfield code="9">ABN7676</marc:subfield>
	</marc:datafield>
	<marc:datafield ind1=" " ind2=" " tag="035">
		<marc:subfield code="a">286181</marc:subfield>
	</marc:datafield>
	<marc:datafield ind1=" " ind2=" " tag="035">
		<marc:subfield code="a">(PU)286181-penndb-Voyager</marc:subfield>
	</marc:datafield>
	<marc:datafield ind1=" " ind2=" " tag="040">
		<marc:subfield code="a">PU</marc:subfield>
		<marc:subfield code="c">PU</marc:subfield>
	</marc:datafield>
	<marc:datafield ind1=" " ind2=" " tag="090">
		<marc:subfield code="a">G490</marc:subfield>
		<marc:subfield code="b">.C35 1797</marc:subfield>
		<marc:subfield code="i">04/22/83 CT</marc:subfield>
		<marc:subfield code="h">04/13/83 CT</marc:subfield>
	</marc:datafield>
	<marc:datafield ind1="1" ind2="0" tag="100">
		<marc:subfield code="a">Campbell, Donald,</marc:subfield>
		<marc:subfield code="d">1751-1804.</marc:subfield>
	</marc:datafield>
	<marc:datafield ind1="1" ind2="2" tag="245">
		<marc:subfield code="a">A journey over land to India, partly by a route never gone before by any European /</marc:subfield>
		<marc:subfield code="c">By Donald Campbell ... ; in a series of letters to his son, comprehending his shipwreck and imprisonment with Hyder Alli and his subsequent negociations and transactions in the east ...</marc:subfield>
	</marc:datafield>
	<marc:datafield ind1=" " ind2=" " tag="246">
		<marc:subfield code="a">A journey over land to India, partly by a route never gone before by any European, by Donald Campbell, of Barbreck, Esq. Who formerly commanded a regiment of cavalry in the service of his highness the nabob of the Carnatic. In a series of letters to his son. Comprehending his shipwreck and imprisonment with Hyder Alli and his subsequent negociations and transactions in the east.</marc:subfield>
		<marc:subfield code="d">Letter-press</marc:subfield>
		<marc:subfield code="g">Full</marc:subfield>
		<marc:subfield code="x">Work</marc:subfield>
	</marc:datafield>
	<marc:datafield ind1=" " ind2=" " tag="260">
		<marc:subfield code="a">Philadelphia</marc:subfield>
		<marc:subfield code="b">Printed by T. Dobson, at the stone house No. 41, South Second Street.</marc:subfield>
		<marc:subfield code="c">1797.</marc:subfield>
		<marc:subfield code="c">1797</marc:subfield>
	</marc:datafield>
	<marc:datafield ind1=" " ind2=" " tag="300">
		<marc:subfield code="a">14, 17-424, 6, [2] p. (advertisements on last leaf) ;</marc:subfield>
		<marc:subfield code="c">22 cm. (8vo)</marc:subfield>
		<marc:subfield code="x">Duodecimo</marc:subfield>
	</marc:datafield>
	<marc:datafield ind1=" " ind2=" " tag="500">
		<marc:subfield code="a">Stamped on title page: "Charles R. Hildeburn, No."</marc:subfield>
	</marc:datafield>
	<marc:datafield ind1=" " ind2=" " tag="500">
		<marc:subfield code="a">In ink on tale of contents page: "(Unintelligible) this (unintell.) by a friend --- March (unintell.)/1894 1803 to L(unintell.)--"</marc:subfield>
	</marc:datafield>
	<marc:datafield ind1=" " ind2=" " tag="500">
		<marc:subfield code="a">In ink on pg. 19: "Lydia Riche"</marc:subfield>
	</marc:datafield>
	<marc:datafield ind1=" " ind2=" " tag="500">
		<marc:subfield code="a">In ink on pg. 5 of Appendix: "Lydia Riche"</marc:subfield>
	</marc:datafield>
	<marc:datafield ind1="4" ind2=" " tag="510">
		<marc:subfield code="a">ESTC</marc:subfield>
		<marc:subfield code="c">W27524</marc:subfield>
	</marc:datafield>
	<marc:datafield ind1="4" ind2=" " tag="510">
		<marc:subfield code="a">Evans</marc:subfield>
		<marc:subfield code="c">31911</marc:subfield>
	</marc:datafield>
	<marc:datafield ind1=" " ind2=" " tag="520">
		<marc:subfield code="a">Advertisement</marc:subfield>
		<marc:subfield code="b">Advertisement</marc:subfield>
		<marc:subfield code="c">Front</marc:subfield>
		<marc:subfield code="x">Begins: "The events related in the following pages, naturally became a frequent subject of conversation with my children and my friends.</marc:subfield>
	</marc:datafield>
	<marc:datafield ind1=" " ind2=" " tag="520">
		<marc:subfield code="a">Table of contents</marc:subfield>
		<marc:subfield code="b">Contents.</marc:subfield>
		<marc:subfield code="c">Front</marc:subfield>
	</marc:datafield>
	<marc:datafield ind1=" " ind2=" " tag="520">
		<marc:subfield code="a">Appendix</marc:subfield>
		<marc:subfield code="b">Appendix. Letter from GEneral Mathews, to The court of directors of the East India Company. (Referred to in the foregoing letters.)</marc:subfield>
		<marc:subfield code="c">Back</marc:subfield>
		<marc:subfield code="x">Begins: "Honourable Sirs, I have the honour of informing you fo the success of your arms on the Malabar coast." Dated: "Mangalore, March 16, 1783."</marc:subfield>
	</marc:datafield>
	<marc:datafield ind1=" " ind2=" " tag="591">
		<marc:subfield code="a">Heu quibus ille jactatus fatis.</marc:subfield>
		<marc:subfield code="b">Works of Virgil</marc:subfield>
		<marc:subfield code="c">Virgil</marc:subfield>
		<marc:subfield code="d">Ah, by what fatal disasters has he been tossed.</marc:subfield>
		<marc:subfield code="x">Translation source: "The Works of Virgil: Translated Into English Prose, as Near the Original as the Different Idioms of the Latin and English Languages Will Allow..."</marc:subfield>
	</marc:datafield>
	<marc:datafield ind1=" " ind2=" " tag="592">
		<marc:subfield code="a">Epistolary</marc:subfield>
	</marc:datafield>
	<marc:datafield ind1=" " ind2=" " tag="594">
		<marc:subfield code="a">(unintel.) this (unintel.) by a friend --- March (unintel.) 2/ 1791(struck out) 1803 to LR</marc:subfield>
		<marc:subfield code="b">Ink</marc:subfield>
		<marc:subfield code="x">Located on table of contents.</marc:subfield>
	</marc:datafield>
	<marc:datafield ind1=" " ind2=" " tag="594">
		<marc:subfield code="a">Lydia Riche</marc:subfield>
		<marc:subfield code="b">Ink</marc:subfield>
		<marc:subfield code="x">Located on pg. 19</marc:subfield>
	</marc:datafield>
	<marc:datafield ind1=" " ind2=" " tag="594">
		<marc:subfield code="a">Lydia Riche</marc:subfield>
		<marc:subfield code="b">Ink</marc:subfield>
		<marc:subfield code="x">Located on pg. 5 of Appendix</marc:subfield>
	</marc:datafield>
	<marc:datafield ind1=" " ind2=" " tag="599">
		<marc:subfield code="a">Author (text)</marc:subfield>
		<marc:subfield code="b">Proper name</marc:subfield>
		<marc:subfield code="2">By Donald Campbell, of Barbeck, Esq.</marc:subfield>
		<marc:subfield code="3">Title page</marc:subfield>
		<marc:subfield code="5">Male</marc:subfield>
		<marc:subfield code="6">Male</marc:subfield>
	</marc:datafield>
	<marc:datafield ind1=" " ind2=" " tag="656">
		<marc:subfield code="a">Mixed Genre</marc:subfield>
		<marc:subfield code="b">Back</marc:subfield>
		<marc:subfield code="c">Same publisher</marc:subfield>
		<marc:subfield code="x">Heading: "Books published and for sale by Thomas Dobson, at the Stone-house, No. 41, South Second Street."</marc:subfield>
	</marc:datafield>
	<marc:datafield ind1=" " ind2="0" tag="650">
		<marc:subfield code="a">Voyages and travels</marc:subfield>
	</marc:datafield>
	<marc:datafield ind1=" " ind2="0" tag="650">
		<marc:subfield code="a">Adventure and adventurers</marc:subfield>
	</marc:datafield>
	<marc:datafield ind1=" " ind2="4" tag="650">
		<marc:subfield code="a">CHR 1797</marc:subfield>
	</marc:datafield>
	<marc:datafield ind1=" " ind2="4" tag="650">
		<marc:subfield code="a">PRO Norris, Charles (donor)</marc:subfield>
	</marc:datafield>
	<marc:datafield ind1=" " ind2=" " tag="700">
		<marc:subfield code="a">Campbell, Donald</marc:subfield>
		<marc:subfield code="d">1751-1804</marc:subfield>
		<marc:subfield code="4">Author (text)</marc:subfield>
		<marc:subfield code="5">Authorized</marc:subfield>
	</marc:datafield>
	<marc:datafield ind1=" " ind2=" " tag="700">
		<marc:subfield code="a">Dobson, Thomas</marc:subfield>
		<marc:subfield code="d">1751-1823</marc:subfield>
		<marc:subfield code="4">Printed by</marc:subfield>
		<marc:subfield code="5">Authorized</marc:subfield>
	</marc:datafield>
	<marc:datafield ind1=" " ind2=" " tag="700">
		<marc:subfield code="a">Riche, Lydia</marc:subfield>
		<marc:subfield code="4">Inscribed by</marc:subfield>
		<marc:subfield code="5">Unauthorized</marc:subfield>
	</marc:datafield>
	<marc:datafield ind1=" " ind2=" " tag="700">
		<marc:subfield code="a">Hildeburn, Charles R. (Charles Riche)</marc:subfield>
		<marc:subfield code="d">1855-1901</marc:subfield>
		<marc:subfield code="4">Inscribed by</marc:subfield>
		<marc:subfield code="5">Authorized</marc:subfield>
	</marc:datafield>
	<marc:datafield ind1="2" ind2=" " tag="710">
		<marc:subfield code="a">Collection of British and American Fiction, 1660-1830 (University of Pennsylvania)</marc:subfield>
		<marc:subfield code="5">PU</marc:subfield>
	</marc:datafield>
	<marc:datafield ind1="2" ind2=" " tag="710">
		<marc:subfield code="a">Early Novels</marc:subfield>
		<marc:subfield code="5">University of Pennsylvania</marc:subfield>
	</marc:datafield>
	<marc:datafield ind1=" " ind2=" " tag="950">
		<marc:subfield code="l">RBC</marc:subfield>
		<marc:subfield code="i">04/22/83 RL ?266:sl\Ex Libris\</marc:subfield>
		<marc:subfield code="h">04/13/83 C</marc:subfield>
	</marc:datafield>
	<marc:datafield ind1=" " ind2=" " tag="955">
		<marc:subfield code="l">RBC</marc:subfield>
		<marc:subfield code="c">1</marc:subfield>
		<marc:subfield code="q">55-1574</marc:subfield>
		<marc:subfield code="q">g.Dr. Charles Norris</marc:subfield>
		<marc:subfield code="s">ex libris: Charles Norris</marc:subfield>
		<marc:subfield code="h">04/13/83 C</marc:subfield>
	</marc:datafield>
	<marc:datafield ind1=" " ind2=" " tag="955">
		<marc:subfield code="l">RBC</marc:subfield>
		<marc:subfield code="c">2</marc:subfield>
		<marc:subfield code="q">48262</marc:subfield>
		<marc:subfield code="h">04/13/83 C</marc:subfield>
	</marc:datafield>
	<marc:datafield ind1=" " ind2=" " tag="989">
		<marc:subfield code="2">Journey</marc:subfield>
		<marc:subfield code="2">Land</marc:subfield>
		<marc:subfield code="4">India</marc:subfield>
		<marc:subfield code="2">Route</marc:subfield>
		<marc:subfield code="8">Never</marc:subfield>
		<marc:subfield code="6">Go</marc:subfield>
		<marc:subfield code="3">Any</marc:subfield>
		<marc:subfield code="2">European</marc:subfield>
		<marc:subfield code="5">Donald Campbell</marc:subfield>
		<marc:subfield code="4">Barbeck</marc:subfield>
		<marc:subfield code="8">Formerly</marc:subfield>
		<marc:subfield code="6">Command</marc:subfield>
		<marc:subfield code="2">Regiment</marc:subfield>
		<marc:subfield code="2">Calvary</marc:subfield>
		<marc:subfield code="2">Service</marc:subfield>
		<marc:subfield code="5">His Highness</marc:subfield>
		<marc:subfield code="2">Nabob</marc:subfield>
		<marc:subfield code="4">Carnatic</marc:subfield>
		<marc:subfield code="2">Series</marc:subfield>
		<marc:subfield code="7">Letter</marc:subfield>
		<marc:subfield code="6">Comprehend</marc:subfield>
		<marc:subfield code="2">Shipwreck</marc:subfield>
		<marc:subfield code="2">Imprisonment</marc:subfield>	
		<marc:subfield code="5">Hyder Alli</marc:subfield>
		<marc:subfield code="3">Subsequent</marc:subfield>
		<marc:subfield code="2">Negociation</marc:subfield>
		<marc:subfield code="2">Transaction</marc:subfield>
		<marc:subfield code="4">East</marc:subfield>
	</marc:datafield>
	<marc:datafield ind1=" " ind2=" " tag="999">
		<marc:subfield code="a">DPL</marc:subfield>
		<marc:subfield code="b">7/23/18</marc:subfield>
		<marc:subfield code="c">University of Pennsylvania</marc:subfield>
		<marc:subfield code="d">SH</marc:subfield>
	</marc:datafield>
</marc:record>