<marc:record>
	<marc:leader>01300cam a2200301 i 4500</marc:leader>
	<marc:controlfield tag="005">20141218111400.0</marc:controlfield>
	<marc:controlfield tag="008">810212s1796    ie            000 1 eng d</marc:controlfield>
	<marc:controlfield tag="001">9934324693503681</marc:controlfield>
	<marc:datafield ind1=" " ind2=" " tag="035">
		<marc:subfield code="a">(OCoLC)ocm07121334</marc:subfield>
	</marc:datafield>
	<marc:datafield ind1=" " ind2=" " tag="035">
		<marc:subfield code="a">(OCoLC)7121334</marc:subfield>
	</marc:datafield>
	<marc:datafield ind1=" " ind2=" " tag="035">
		<marc:subfield code="a">(PUVoyagerBIBID)3432469</marc:subfield>
	</marc:datafield>
	<marc:datafield ind1=" " ind2=" " tag="035">
		<marc:subfield code="a">3432469</marc:subfield>
	</marc:datafield>
	<marc:datafield ind1=" " ind2=" " tag="035">
		<marc:subfield code="a">(PU)3432469-penndb-Voyager</marc:subfield>
	</marc:datafield>
	<marc:datafield ind1=" " ind2=" " tag="035">
		<marc:subfield code="a">(PennHoldings)3580935</marc:subfield>
	</marc:datafield>
	
	<marc:datafield ind1=" " ind2=" " tag="040">
		<marc:subfield code="a">*VA|*</marc:subfield>
		<marc:subfield code="c">*VA|*</marc:subfield>
		<marc:subfield code="d">*m/c*</marc:subfield>
		<marc:subfield code="d">RPB</marc:subfield>
		<marc:subfield code="d">CStRLIN</marc:subfield>
		<marc:subfield code="d">PU</marc:subfield>
	</marc:datafield>
	
	<marc:datafield ind1=" " ind2="4" tag="050">
		<marc:subfield code="a">PR5708.W46</marc:subfield>
		<marc:subfield code="b">H6 1796</marc:subfield>
	</marc:datafield>
	
	<marc:datafield ind1="1" ind2="0" tag="100">
		<marc:subfield code="a">Walker, George,</marc:subfield>
		<marc:subfield code="d">1772-1847.</marc:subfield>
	</marc:datafield>
	
	<marc:datafield ind1="1" ind2="4" tag="245">
		<marc:subfield code="a">The house of Tynian:</marc:subfield>
		<marc:subfield code="b">A novel : in two volumes /</marc:subfield>
		<marc:subfield code="c">By George Walker.</marc:subfield>
	</marc:datafield>
	
	<marc:datafield ind1=" " ind2=" " tag="246">
		<marc:subfield code="a">The House of Tynian. A Novel. In Two Volumes. By George Walker. Vol. I. </marc:subfield>
		<marc:subfield code="d">Letter-press</marc:subfield>
		<marc:subfield code="g">Full</marc:subfield>
		<marc:subfield code="x">Volume</marc:subfield>
		<marc:subfield code="v">v.1</marc:subfield>
	</marc:datafield>	
	<marc:datafield ind1=" " ind2=" " tag="246">
		<marc:subfield code="a">The House of Tynian. A Novel. In Two Volumes. By George Walker. Vol. I.</marc:subfield>
		<marc:subfield code="d">Letter-press</marc:subfield>
		<marc:subfield code="g">Full</marc:subfield>
		<marc:subfield code="x">Volume</marc:subfield>
		<marc:subfield code="v">v.2</marc:subfield>
	</marc:datafield>
	<marc:datafield tag="246" ind1="0" ind2="7">
        <marc:subfield code="a">The House of Tynian.</marc:subfield>
    </marc:datafield>
	<marc:datafield ind1="0" ind2="7" tag="246">
		<marc:subfield code="a">The House of Tynian. (verso)</marc:subfield>
		<marc:subfield code="a">The House of Tynian. (recto)</marc:subfield>
		<marc:subfield code="v">v.1</marc:subfield>
		<marc:subfield code="v">v.2</marc:subfield>
	</marc:datafield>
		
	<marc:datafield ind1="0" ind2=" " tag="260">
		<marc:subfield code="a">Dublin</marc:subfield>
		<marc:subfield code="b">Printed for P. Wogan, P. Byrne, W. Jones, and J. Rice.</marc:subfield>
		<marc:subfield code="c">1796.</marc:subfield>
		<marc:subfield code="c">1796</marc:subfield>
	</marc:datafield>

	<marc:datafield ind1=" " ind2=" " tag="300">
		<marc:subfield code="a">2 v. ;</marc:subfield>
		<marc:subfield code="c">18 cm. (12mo)</marc:subfield>
		<marc:subfield code="x">Duodecimo</marc:subfield>
		<marc:subfield code="z">In two volumes</marc:subfield>
	</marc:datafield>
	
	<marc:datafield ind1=" " ind2=" " tag="500">
		<marc:subfield code="a">On title page of volume. Written in ink, "Eliza Harding"</marc:subfield>
	</marc:datafield>
	<marc:datafield ind1=" " ind2=" " tag="500">
		<marc:subfield code="a">Vol. 2 has imprint:  Dublin:  Printed for P. Wogan, P. Byrne, W. Jones, J. Rice, and G. Folingsby.</marc:subfield>
	</marc:datafield>
	<marc:datafield ind1=" " ind2=" " tag="500">
		<marc:subfield code="a">Book Summary Slip: Anti-Goodwinian Walker, George. The House of Tynian. A Novel. Dublin: printed for P. Wogan, P. Bryne, W. Jones, J. Rice, and G. Folingsby, 1796. Two vols, 12mo, outer margins in vol. II lightly discoloured by damp, some other stains and general signs of use, corners torn from a couple of leaves (not affecting text), contempary calf, neatly rebacked. One of the two Irish editions to appear in 1796; originally published in four volumes at the Minerva Press in the previous year. Walker was a London bookseller and author of ten or eleven novels, the best known ofwhich is the vagabond, a very clever and high.y amusing burlesque on the "new philosophy" of William Godwin, Mary Wollstonecraft et al. As a distributor of all sorts of fiction, Walker was able to adjust the types of novel he wrote according to contemporary literary demands. Aside from Gothic fiction, novels of radical ideas and the tractarian fiction of the so-called polemical school of Godwin, Bage and Holcroftwere in high demand: "Social horrors and the terrifying climate ot adversary politicalideas were frequently presented to readers by way of Gothic paraphernalia and symbols in these novels. Walker's contribution to the Gothic novel of ideas, TheHouse of Tynian, mixes humanitarian sentiment, Gothic intrigue, and rationalist polemics to expose the weaknesses in Godwin's anarchic theories. it is a novel of both forbidden chambers and forbidden social ideas... Much traditional Gothic activity does on within the House... but Walker was intent on getting beyond the usual Gothic gadgetry or to use the gadgetry to make a point. He hoped to instruct and reform the reader with respect to the dangerous wrongness of the cult of ego which he found in Godwin's theories of individual freedon." -Frank. Cf. Block, p. 247; Raven and Forster 1795:46; Frank, The first Gothics 462.
		</marc:subfield>
	</marc:datafield>

	<marc:datafield ind1="4" ind2=" " tag="510">
		<marc:subfield code="a">English novel, 1770-1829,</marc:subfield>
		<marc:subfield code="c">1795:46</marc:subfield>
	</marc:datafield>
	<marc:datafield ind1="4" ind2=" " tag="510">
		<marc:subfield code="a">Block, A. Engl. novel (1961 ed.),</marc:subfield>
		<marc:subfield code="c">p.247</marc:subfield>
	</marc:datafield>
	<marc:datafield ind1="4" ind2=" " tag="510">
		<marc:subfield code="a">ESTC</marc:subfield>
		<marc:subfield code="c">N17084 (v.1), T118775 (v.2)</marc:subfield>
	</marc:datafield>
	
	<marc:datafield ind1=" " ind2=" " tag="520">
		<marc:subfield code="a">Preface</marc:subfield>
		<marc:subfield code="b">Preface</marc:subfield>
		<marc:subfield code="c">Front</marc:subfield>
		<marc:subfield code="v">v.1</marc:subfield>
		<marc:subfield code="x">Transcription of first sentence: The chances of human life are so multiform and uncertain, that no proverb is of more general application, and like other things, which are daily  and hourly before us, is heard with indifference.</marc:subfield>
	</marc:datafield>
	
	<marc:datafield ind1=" " ind2=" " tag="590">
		<marc:subfield code="a">Acquired for the Penn Libraries with assistance from the J. Bertram Lippincott Library Fund.</marc:subfield>
	</marc:datafield>
	
	<marc:datafield ind1=" " ind2=" " tag="591">
		<marc:subfield code="a">"Of mortal glory, Oh! Soon darken'd ray! Oh! winged joys of man, more swift than wind! Oh! fond desires, which in our fancies stray! Oh! trait'rous hopes, which do our judgments blind!"</marc:subfield>
		<marc:subfield code="2">Drummond</marc:subfield>
		<marc:subfield code="b">The Poems of William Drummond of Hawthornden: With Life, by Peter Cunningham</marc:subfield>
		<marc:subfield code="c">William Drummond</marc:subfield>
		<marc:subfield code="v">v.1</marc:subfield>
		<marc:subfield code="v">v.2</marc:subfield>
	</marc:datafield>
	
	<marc:datafield ind1=" " ind2=" " tag="592">
		<marc:subfield code="a">Third-person</marc:subfield>
	</marc:datafield>
	
	<marc:datafield ind1=" " ind2=" " tag="594">
		<marc:subfield code="a">Eliza Harding</marc:subfield>
		<marc:subfield code="b">Ink</marc:subfield>
		<marc:subfield code="x">Found on title page</marc:subfield>
		<marc:subfield code="v">v.1</marc:subfield>
		<marc:subfield code="v">v.2</marc:subfield>
	</marc:datafield>

	<marc:datafield ind1=" " ind2=" " tag="599">
		<marc:subfield code="a">Author (text)</marc:subfield>
		<marc:subfield code="b">Proper name</marc:subfield>
		<marc:subfield code="2">By George Walker</marc:subfield>
		<marc:subfield code="3">Title page</marc:subfield>
		<marc:subfield code="5">Male</marc:subfield>
		<marc:subfield code="6">Male</marc:subfield>
	</marc:datafield>
	
	<marc:datafield ind1=" " ind2="4" tag="650">
		<marc:subfield code="a">CHR 1796</marc:subfield>
	</marc:datafield>
	
	<marc:datafield ind1=" " ind2=" " tag="700">
		<marc:subfield code="a">George Walker</marc:subfield>
		<marc:subfield code="d">1772-1847</marc:subfield>
		<marc:subfield code="4">Author (text)</marc:subfield>
		<marc:subfield code="5">Authorized</marc:subfield>
	</marc:datafield>
	<marc:datafield ind1=" " ind2=" " tag="700">
		<marc:subfield code="a">Patrick Wogan</marc:subfield>
		<marc:subfield code="4">Printed for</marc:subfield>
		<marc:subfield code="5">Authorized</marc:subfield>
	</marc:datafield>	
	<marc:datafield ind1=" " ind2=" " tag="700">
		<marc:subfield code="a">Patrick Byrne</marc:subfield>
		<marc:subfield code="d">1741?-1814</marc:subfield>
		<marc:subfield code="4">Printed for</marc:subfield>
		<marc:subfield code="5">Authorized</marc:subfield>
	</marc:datafield>	
	<marc:datafield ind1=" " ind2=" " tag="700">
		<marc:subfield code="a">W. Jones</marc:subfield>
		<marc:subfield code="4">Printed for</marc:subfield>
		<marc:subfield code="5">Unauthorized</marc:subfield>
	</marc:datafield>	
	<marc:datafield ind1=" " ind2=" " tag="700">
		<marc:subfield code="a">J. Rice</marc:subfield>
		<marc:subfield code="4">Printed for</marc:subfield>
		<marc:subfield code="5">Unauthorized</marc:subfield>
	</marc:datafield>
	<marc:datafield ind1=" " ind2=" " tag="700">
		<marc:subfield code="a">Eliza Harding</marc:subfield>
		<marc:subfield code="4">Inscribed by</marc:subfield>
		<marc:subfield code="5">Unauthorized</marc:subfield>
	</marc:datafield>	
	
	<marc:datafield ind1="2" ind2=" " tag="710">
		<marc:subfield code="a">Collection of British and American Fiction, 1660-1830 (University of Pennsylvania)</marc:subfield>
		<marc:subfield code="5">PU</marc:subfield>
	</marc:datafield>
	<marc:datafield ind1="2" ind2=" " tag="710">
		<marc:subfield code="a">Early Novels</marc:subfield>
		<marc:subfield code="5">University of Pennsylvania</marc:subfield>
	</marc:datafield>
	<marc:datafield ind1="2" ind2=" " tag="710">
		<marc:subfield code="a">J. Bertram Lippincott Library Fund.</marc:subfield>
		<marc:subfield code="5">PU</marc:subfield>
	</marc:datafield>
	
	<marc:datafield ind1="4" ind2="2" tag="856">
		<marc:subfield code="3">The J. Bertram Lippincott Library Fund Home Page</marc:subfield>
		<marc:subfield code="u">http://hdl.library.upenn.edu/1017.12/366245</marc:subfield>
	</marc:datafield>
	
	<marc:datafield ind1=" " ind2=" " tag="989">
		<marc:subfield code="2">House</marc:subfield>
		<marc:subfield code="2">Novel</marc:subfield>
		<marc:subfield code="3">Two</marc:subfield>
		<marc:subfield code="5">Tynian</marc:subfield>
		<marc:subfield code="5">George Walker</marc:subfield>
	</marc:datafield>

	<marc:datafield ind1=" " ind2=" " tag="998">
		<marc:subfield code="s">9665</marc:subfield>
	</marc:datafield>
	
	<marc:datafield ind1=" " ind2=" " tag="999">
		<marc:subfield code="a">DPL</marc:subfield>
		<marc:subfield code="b">7/5/18</marc:subfield>
		<marc:subfield code="c">University of Pennsylvania</marc:subfield>
		<marc:subfield code="d">IC</marc:subfield>
	</marc:datafield>
</marc:record>