<marc:record>
	<marc:leader>01224cam a2200289 i 4500</marc:leader>
	<marc:controlfield tag="005">20141218115808.0</marc:controlfield>
	<marc:controlfield tag="008">030811s1796    ie            000 1 eng d</marc:controlfield>
	<marc:controlfield tag="001">9934510863503681</marc:controlfield>
	<marc:datafield ind1=" " ind2=" " tag="026">
		<marc:subfield code="e">s.he t.ou edem puAu (3) 1796 (A)</marc:subfield>
		<marc:subfield code="2">fei</marc:subfield>
	</marc:datafield>
	<marc:datafield ind1=" " ind2=" " tag="035">
		<marc:subfield code="a">(OCoLC)ocm63601887</marc:subfield>
	</marc:datafield>
	<marc:datafield ind1=" " ind2=" " tag="035">
		<marc:subfield code="a">(OCoLC)63601887</marc:subfield>
	</marc:datafield>
	<marc:datafield ind1=" " ind2=" " tag="035">
		<marc:subfield code="a">3451086</marc:subfield>
	</marc:datafield>
	<marc:datafield ind1=" " ind2=" " tag="035">
		<marc:subfield code="a">(PU)3451086-penndb-Voyager</marc:subfield>
	</marc:datafield>
	<marc:datafield ind1=" " ind2=" " tag="035">
		<marc:subfield code="a">(PennHoldings)3596836</marc:subfield>
	</marc:datafield>
	<marc:datafield ind1=" " ind2=" " tag="040">
		<marc:subfield code="a">MWA</marc:subfield>
		<marc:subfield code="c">MWA</marc:subfield>
		<marc:subfield code="e">bdrb</marc:subfield>
		<marc:subfield code="d">PU</marc:subfield>
	</marc:datafield>
	<marc:datafield ind1="0" ind2="0" tag="100">
		<marc:subfield code="a">Deceased friend.</marc:subfield>
	</marc:datafield>
	<marc:datafield ind1="1" ind2="0" tag="245">
		<marc:subfield code="a">Love's pilgrimage :</marc:subfield>
		<marc:subfield code="b">a story founded on facts /</marc:subfield>
		<marc:subfield code="c">Compiled from the journal of a deceased friend.</marc:subfield>
	</marc:datafield>

	<marc:datafield ind1=" " ind2=" " tag="246">
	   <marc:subfield code="a">Love's pilgrimage: a story founded on facts. Compiled from the journal of a deceased friend.</marc:subfield>
	   <marc:subfield code="d">Letter-press</marc:subfield>
	   <marc:subfield code="g">Full</marc:subfield>
	   <marc:subfield code="x">Work</marc:subfield>
	</marc:datafield>
	<marc:datafield ind1="0" ind2="7" tag="246">
	   <marc:subfield code="a">Love's pilgrimage.</marc:subfield>
	</marc:datafield>
	<marc:datafield ind1="0" ind2="7" tag="246">
	   <marc:subfield code="a">Love's pilgrimage. (verso)</marc:subfield>
	   <marc:subfield code="a">Love's pilgrimage. (recto)</marc:subfield>
	</marc:datafield>

	<marc:datafield ind1=" " ind2=" " tag="260">
		<marc:subfield code="a">Dublin</marc:subfield>
		<marc:subfield code="b">Printed for P. Wogan, P. Byrne, W. Jones, J. Rice, and H. Fitzpatrick.</marc:subfield>
		<marc:subfield code="c">1796</marc:subfield>
		<marc:subfield code="c">1796.</marc:subfield>
	</marc:datafield>

	<marc:datafield ind1=" " ind2=" " tag="300">
		<marc:subfield code="a">vi, 286 p. ;</marc:subfield>
		<marc:subfield code="c">18 cm. (12mo)</marc:subfield>
		<marc:subfield code="x">Duodecimo</marc:subfield>
	</marc:datafield>

	<marc:datafield ind1="4" ind2=" " tag="510">
		<marc:subfield code="a">ESTC</marc:subfield>
		<marc:subfield code="c">N33909</marc:subfield>
	</marc:datafield>
	<marc:datafield ind1="4" ind2=" " tag="510">
		<marc:subfield code="a">English novel, 1770-1829,</marc:subfield>
		<marc:subfield code="c">1796:13</marc:subfield>
	</marc:datafield>
	<marc:datafield ind1="4" ind2=" " tag="510">
		<marc:subfield code="a">Block, A. Engl. novel (1961 ed.),</marc:subfield>
		<marc:subfield code="c">p.144</marc:subfield>
	</marc:datafield>

	<marc:datafield ind1=" " ind2=" " tag="520">
	    <marc:subfield code="a">Preface</marc:subfield>
		<marc:subfield code="b">Preface.</marc:subfield>
		<marc:subfield code="c">Front</marc:subfield>
		<marc:subfield code="x">Transcription of first line: "In an age and country when every subject of story-telling has been exhausted, and yet there is a constant demand every season for a new crop of books for the Circulating Library; it is easy matter for a writer to fix upon any subject that can be made to wear the appearance of novelty."</marc:subfield>
	</marc:datafield>

	<marc:datafield ind1=" " ind2=" " tag="590">
		<marc:subfield code="a">Culture Class Collection copy has autograph of Dr. C.H. Humphrey.</marc:subfield>
	</marc:datafield>

	<marc:datafield ind1=" " ind2=" " tag="591">
	    <marc:subfield code="a">A true devoted pilgrim is not weary---To measure kingdoms with his feeble steps;---Much less shall he who hath Love's wings to fly,---And when the flight is made to one so dear.</marc:subfield>
		<marc:subfield code="2">Shakespeare</marc:subfield>
		<marc:subfield code="b">The two gentlemen of Verona</marc:subfield>
		<marc:subfield code="c">William Shakespeare</marc:subfield>
		<marc:subfield code="x">On title page.</marc:subfield>
	</marc:datafield>

	<marc:datafield ind1=" " ind2=" " tag="592">
	    <marc:subfield code="a">Third-person</marc:subfield>
		<marc:subfield code="b">Letters</marc:subfield>
	</marc:datafield>

	<marc:datafield ind1=" " ind2=" " tag="594">
	    <marc:subfield code="a">Dr CH Humphrey Cherryville PA</marc:subfield>
		<marc:subfield code="b">Pencil</marc:subfield>
		<marc:subfield code="x">Location: front paste-down endpaper</marc:subfield>
	</marc:datafield>

	<marc:datafield ind1=" " ind2=" " tag="599">
		<marc:subfield code="a">Author (text)</marc:subfield>
		<marc:subfield code="b">Generic/Descriptive</marc:subfield>
		<marc:subfield code="2">Compiled from the journal of a decesased friend</marc:subfield>
		<marc:subfield code="3">Title Page</marc:subfield>
		<marc:subfield code="5">Indeterminate</marc:subfield>
		<marc:subfield code="6">Unknown</marc:subfield>
	</marc:datafield>
	<marc:datafield ind1=" " ind2=" " tag="599">
	   <marc:subfield code="a">Editor (text)</marc:subfield>
	   <marc:subfield code="b">Generic/Descriptive</marc:subfield>
	   <marc:subfield code="2">The ground-work shall be truth, but the embellishments shall be my own; and I shall sprinkle some moral inferences as I go along, for the benefit of my readers.</marc:subfield>
	   <marc:subfield code="3">Preface</marc:subfield>
	   <marc:subfield code="5">Indeterminate</marc:subfield>
	</marc:datafield>

	<marc:datafield ind1=" " ind2="4" tag="650">
		<marc:subfield code="a">CHR 1796</marc:subfield>
	</marc:datafield>
	<marc:datafield ind1=" " ind2="4" tag="650">
		<marc:subfield code="a">PRO Humphrey, C. H., Dr. (autograph) (Culture Class Collection copy)</marc:subfield>
	</marc:datafield>

	<marc:datafield ind1=" " ind2=" " tag="700">
	    <marc:subfield code="a">Wogan, Patrick</marc:subfield>
		<marc:subfield code="4">Printed for</marc:subfield>
		<marc:subfield code="5">Authorized</marc:subfield>
	</marc:datafield>
	<marc:datafield ind1=" " ind2=" " tag="700">
	    <marc:subfield code="a">Byrne, Patrick</marc:subfield>
		<marc:subfield code="d">1741?-1814</marc:subfield>
		<marc:subfield code="4">Printed for</marc:subfield>
		<marc:subfield code="5">Authorized</marc:subfield>
	</marc:datafield>
	<marc:datafield ind1=" " ind2=" " tag="700">
	    <marc:subfield code="a">W. Jones</marc:subfield>
		<marc:subfield code="4">Printed for</marc:subfield>
		<marc:subfield code="5">Unauthorized</marc:subfield>
	</marc:datafield>
	<marc:datafield ind1=" " ind2=" " tag="700">
	    <marc:subfield code="a">J. Rice</marc:subfield>
		<marc:subfield code="4">Printed for</marc:subfield>
		<marc:subfield code="5">Unauthorized</marc:subfield>
	</marc:datafield>
	<marc:datafield ind1=" " ind2=" " tag="700">
	    <marc:subfield code="a">Fitzpatrick, Hugh</marc:subfield>
		<marc:subfield code="d">-1818</marc:subfield>
		<marc:subfield code="4">Printed for</marc:subfield>
		<marc:subfield code="5">Authorized</marc:subfield>
	</marc:datafield>
	<marc:datafield ind1=" " ind2=" " tag="700">
		<marc:subfield code="a">C. H. Humphrey</marc:subfield>
		<marc:subfield code="4">Inscribed by</marc:subfield>
		<marc:subfield code="5">Unuthorized</marc:subfield>
	</marc:datafield>

	<marc:datafield ind1="2" ind2=" " tag="710">
		<marc:subfield code="a">Collection of British and American Fiction, 1660-1830 (University of Pennsylvania)</marc:subfield>
		<marc:subfield code="5">PU</marc:subfield>
	</marc:datafield>
	<marc:datafield ind1="2" ind2=" " tag="710">
		<marc:subfield code="a">Culture Class Collection (University of Pennsylvania)</marc:subfield>
		<marc:subfield code="5">PU</marc:subfield>
	</marc:datafield>
	<marc:datafield ind1="2" ind2=" " tag="710">
		<marc:subfield code="a">English Culture Class Collection (University of Pennsylvania)</marc:subfield>
		<marc:subfield code="5">PU</marc:subfield>
	</marc:datafield>
	<marc:datafield ind1="2" ind2=" " tag="710">
		<marc:subfield code="a">Early Novels</marc:subfield>
		<marc:subfield code="5">University of Pennsylvania</marc:subfield>
	</marc:datafield>

	<marc:datafield ind1=" " ind2=" " tag="752">
		<marc:subfield code="a">Ireland</marc:subfield>
		<marc:subfield code="d">Dublin.</marc:subfield>
	</marc:datafield>

	<marc:datafield ind1=" " ind2=" " tag="989">
	    <marc:subfield code="2">Love</marc:subfield>
	    <marc:subfield code="2">Pilgrimage</marc:subfield>
		<marc:subfield code="2">Story</marc:subfield>
		<marc:subfield code="2">Fact</marc:subfield>
		<marc:subfield code="2">Journal</marc:subfield>
		<marc:subfield code="2">Friend</marc:subfield>
		<marc:subfield code="3">Deceased</marc:subfield>
		<marc:subfield code="6">Found</marc:subfield>
		<marc:subfield code="6">Compile</marc:subfield>
	</marc:datafield>

	<marc:datafield ind1=" " ind2=" " tag="999">
	    <marc:subfield code="a">OF</marc:subfield>
		<marc:subfield code="b">7/3/18</marc:subfield>
		<marc:subfield code="c">Carnegie Mellon University</marc:subfield>
		<marc:subfield code="d">SH</marc:subfield>
	</marc:datafield>
</marc:record>