
<marc:record>
	<marc:leader>01318cam a2200289   4500</marc:leader>
	<marc:controlfield tag="001">993696543503681</marc:controlfield>
	<marc:controlfield tag="005">20141124144932.0</marc:controlfield>
	<marc:controlfield tag="008">790110s1793    xx            00000 eng d</marc:controlfield>
	<marc:datafield tag="035" ind1=" " ind2=" ">
		<marc:subfield code="a">(OCoLC)ocm04536548</marc:subfield>
	</marc:datafield>
	<marc:datafield tag="035" ind1=" " ind2=" ">
		<marc:subfield code="a">(OCoLC)4536548</marc:subfield>
	</marc:datafield>
	<marc:datafield tag="035" ind1=" " ind2=" ">
		<marc:subfield code="a">(CStRLIN)PAUG4536548-B</marc:subfield>
	</marc:datafield>
	<marc:datafield tag="035" ind1=" " ind2=" ">
		<marc:subfield code="a">(CaOTULAS)105108644</marc:subfield>
	</marc:datafield>
	<marc:datafield tag="035" ind1=" " ind2=" ">
		<marc:subfield code="9">ABX6532</marc:subfield>
	</marc:datafield>
	<marc:datafield tag="035" ind1=" " ind2=" ">
		<marc:subfield code="a">369654</marc:subfield>
	</marc:datafield>
	<marc:datafield tag="035" ind1=" " ind2=" ">
		<marc:subfield code="a">(PU)369654-penndb-Voyager</marc:subfield>
	</marc:datafield>
	<marc:datafield tag="035" ind1=" " ind2=" ">
		<marc:subfield code="a">(PennHoldings)435170</marc:subfield>
	</marc:datafield>
	<marc:datafield tag="040" ind1=" " ind2=" ">
		<marc:subfield code="c">PU</marc:subfield>
		<marc:subfield code="d">CStRLIN</marc:subfield>
	</marc:datafield>
	<marc:datafield tag="090" ind1=" " ind2=" ">
		<marc:subfield code="a">PR3710</marc:subfield>
		<marc:subfield code="b">.D93</marc:subfield>
	</marc:datafield>
	<marc:datafield tag="100" ind1="1" ind2="0">
		<marc:subfield code="a">Sterne, Laurence,</marc:subfield>
		<marc:subfield code="d">1713-1768.</marc:subfield>
	</marc:datafield>
	<marc:datafield tag="245" ind1="0" ind2="4">
		<marc:subfield code="a">The works of Laurence Sterne ...</marc:subfield>
		<marc:subfield code="b">With a life of the author, written by himself.</marc:subfield>
	</marc:datafield>
	<marc:datafield tag="246" ind1=" " ind2=" ">
		<marc:subfield code="a">The works of Laurence Sterne. In ten volumes complete. Containing, I. The life and opinions of Tristram Shandy, Gent. II. A sentimental journey through France and Italy. III. Sermons.----IV. Letters. With a life of the author, written by himself. Volume the first.</marc:subfield>
		<marc:subfield code="d">Letter-press</marc:subfield>
		<marc:subfield code="g">Full</marc:subfield>
		<marc:subfield code="x">Volume</marc:subfield>
		<marc:subfield code="v">v.1</marc:subfield>
	</marc:datafield>	
	<marc:datafield tag="246" ind1=" " ind2=" ">
		<marc:subfield code="a">The works of Laurence Sterne. In ten volumes complete. Containing, I. The life and opinions of Tristram Shandy, Gent. II. A sentimental journey through France and Italy. III. Sermons.----IV. Letters. With a life of the author, written by himself. Volume the second.</marc:subfield>
		<marc:subfield code="d">Letter-press</marc:subfield>
		<marc:subfield code="g">Full</marc:subfield>
		<marc:subfield code="x">Volume</marc:subfield>
		<marc:subfield code="v">v.2</marc:subfield>
	</marc:datafield>
	<marc:datafield tag="246" ind1=" " ind2=" ">
		<marc:subfield code="a">The works of Laurence Sterne. In ten volumes complete. Containing, I. The life and opinions of Tristram Shandy, Gent. II. A sentimental journey through France and Italy. III. Sermons.----IV. Letters. With a life of the author, written by himself. Volume the third.</marc:subfield>
		<marc:subfield code="d">Letter-press</marc:subfield>
		<marc:subfield code="g">Full</marc:subfield>
		<marc:subfield code="x">Volume</marc:subfield>
		<marc:subfield code="v">v.3</marc:subfield>
	</marc:datafield>	
	<marc:datafield tag="246" ind1=" " ind2=" ">
		<marc:subfield code="a">The works of Laurence Sterne. In ten volumes complete. Containing, I. The life and opinions of Tristram Shandy, Gent. II. A sentimental journey through France and Italy. III. Sermons.----IV. Letters. With a life of the author, written by himself. Volume the fourth.</marc:subfield>
		<marc:subfield code="d">Letter-press</marc:subfield>
		<marc:subfield code="g">Full</marc:subfield>
		<marc:subfield code="x">Volume</marc:subfield>
		<marc:subfield code="v">v.4</marc:subfield>
	</marc:datafield>	
	<marc:datafield tag="246" ind1=" " ind2=" ">
		<marc:subfield code="a">The works of Laurence Sterne. In ten volumes complete. Containing, I. The life and opinions of Tristram Shandy, Gent. II. A sentimental journey through France and Italy. III. Sermons.----IV. Letters. With a life of the author, written by himself. Volume the fifth.</marc:subfield>
		<marc:subfield code="d">Letter-press</marc:subfield>
		<marc:subfield code="g">Full</marc:subfield>
		<marc:subfield code="x">Volume</marc:subfield>
		<marc:subfield code="v">v.5</marc:subfield>
	</marc:datafield>	
	<marc:datafield tag="246" ind1=" " ind2=" ">
		<marc:subfield code="a">The works of Laurence Sterne. In ten volumes complete. Containing, I. The life and opinions of Tristram Shandy, Gent. II. A sentimental journey through France and Italy. III. Sermons.----IV. Letters. With a life of the author, written by himself. Volume the sixth.</marc:subfield>
		<marc:subfield code="d">Letter-press</marc:subfield>
		<marc:subfield code="g">Full</marc:subfield>
		<marc:subfield code="x">Volume</marc:subfield>
		<marc:subfield code="v">v.6</marc:subfield>
	</marc:datafield>	
	<marc:datafield tag="246" ind1=" " ind2=" ">
		<marc:subfield code="a">The works of Laurence Sterne. In ten volumes complete. Containing, I. The life and opinions of Tristram Shandy, Gent. II. A sentimental journey through France and Italy. III. Sermons.----IV. Letters. With a life of the author, written by himself. Volume the seventh.</marc:subfield>
		<marc:subfield code="d">Letter-press</marc:subfield>
		<marc:subfield code="g">Full</marc:subfield>
		<marc:subfield code="x">Volume</marc:subfield>
		<marc:subfield code="v">v.7</marc:subfield>
	</marc:datafield>	
	<marc:datafield tag="246" ind1=" " ind2=" ">
		<marc:subfield code="a">The works of Laurence Sterne. In ten volumes complete. Containing, I. The life and opinions of Tristram Shandy, Gent. II. A sentimental journey through France and Italy. III. Sermons.----IV. Letters. With a life of the author, written by himself. Volume the eighth.</marc:subfield>
		<marc:subfield code="d">Letter-press</marc:subfield>
		<marc:subfield code="g">Full</marc:subfield>
		<marc:subfield code="x">Volume</marc:subfield>
		<marc:subfield code="v">v.8</marc:subfield>
	</marc:datafield>	
	<marc:datafield tag="246" ind1=" " ind2=" ">
		<marc:subfield code="a">The works of Laurence Sterne. In ten volumes complete. Containing, I. The life and opinions of Tristram Shandy, Gent. II. A sentimental journey through France and Italy. III. Sermons.----IV. Letters. With a life of the author, written by himself. Volume the ninth.</marc:subfield>
		<marc:subfield code="d">Letter-press</marc:subfield>
		<marc:subfield code="g">Full</marc:subfield>
		<marc:subfield code="x">Volume</marc:subfield>
		<marc:subfield code="v">v.9</marc:subfield>
	</marc:datafield>	
	<marc:datafield tag="246" ind1=" " ind2=" ">
		<marc:subfield code="a">The works of Laurence Sterne. In ten volumes complete. Containing, I. The life and opinions of Tristram Shandy, Gent. II. A sentimental journey through France and Italy. III. Sermons.----IV. Letters. With a life of the author, written by himself. Volume the tenth.</marc:subfield>
		<marc:subfield code="d">Letter-press</marc:subfield>
		<marc:subfield code="g">Full</marc:subfield>
		<marc:subfield code="x">Volume</marc:subfield>
		<marc:subfield code="v">v.10</marc:subfield>
	</marc:datafield>
	<marc:datafield tag="246" ind1=" " ind2=" ">
		<marc:subfield code="a">The Life and Opinions of Tristram Shandy, Gentleman.</marc:subfield>
		<marc:subfield code="d">Letter-press</marc:subfield>
		<marc:subfield code="g">Half</marc:subfield>
		<marc:subfield code="x">Section</marc:subfield>
		<marc:subfield code="v">v.1</marc:subfield>
	</marc:datafield>
	<marc:datafield tag="246" ind1=" " ind2=" ">
		<marc:subfield code="a">The Life and Opinions of Tristram Shandy, Gentleman.</marc:subfield>
		<marc:subfield code="d">Letter-press</marc:subfield>
		<marc:subfield code="g">Half</marc:subfield>
		<marc:subfield code="x">Section</marc:subfield>
		<marc:subfield code="v">v.2</marc:subfield>
	</marc:datafield>
	<marc:datafield tag="246" ind1=" " ind2=" ">
		<marc:subfield code="a">The Life and Opinions of Tristram Shandy, Gentleman.</marc:subfield>
		<marc:subfield code="d">Letter-press</marc:subfield>
		<marc:subfield code="g">Half</marc:subfield>
		<marc:subfield code="x">Section</marc:subfield>
		<marc:subfield code="v">v.3</marc:subfield>
	</marc:datafield>
	<marc:datafield tag="246" ind1=" " ind2=" ">
		<marc:subfield code="a">The Life and Opinions of Tristram Shandy, Gentleman.</marc:subfield>
		<marc:subfield code="d">Letter-press</marc:subfield>
		<marc:subfield code="g">Half</marc:subfield>
		<marc:subfield code="x">Section</marc:subfield>
		<marc:subfield code="v">v.4</marc:subfield>
	</marc:datafield>
	<marc:datafield tag="246" ind1=" " ind2=" ">
		<marc:subfield code="a">A Sentimental Journey Through France and Italy. By Yorick.</marc:subfield>
		<marc:subfield code="d">Letter-press</marc:subfield>
		<marc:subfield code="g">Half</marc:subfield>
		<marc:subfield code="x">Section</marc:subfield>
		<marc:subfield code="v">v.5</marc:subfield>
	</marc:datafield>
	<marc:datafield tag="246" ind1=" " ind2=" ">
		<marc:subfield code="a">The Sermons of Yorick.</marc:subfield>
		<marc:subfield code="d">Letter-press</marc:subfield>
		<marc:subfield code="g">Half</marc:subfield>
		<marc:subfield code="x">Section</marc:subfield>
		<marc:subfield code="v">v.6</marc:subfield>
	</marc:datafield>
	<marc:datafield tag="246" ind1=" " ind2=" ">
		<marc:subfield code="a">Sermons by Laurence Sterne, A.M. Prebendary of York, and vicar of Sutton on the forest, and of Stillington near York.</marc:subfield>
		<marc:subfield code="d">Letter-press</marc:subfield>
		<marc:subfield code="g">Half</marc:subfield>
		<marc:subfield code="x">Section</marc:subfield>
		<marc:subfield code="v">v.6</marc:subfield>
	</marc:datafield>
	<marc:datafield tag="246" ind1=" " ind2=" ">
		<marc:subfield code="a">Sermons by Laurence Sterne, A.M. Prebendary of York, and vicar of Sutton on the forest, and of Stillington near York.</marc:subfield>
		<marc:subfield code="d">Letter-press</marc:subfield>
		<marc:subfield code="g">Half</marc:subfield>
		<marc:subfield code="x">Section</marc:subfield>
		<marc:subfield code="v">v.7</marc:subfield>
	</marc:datafield>
	<marc:datafield tag="246" ind1=" " ind2=" ">
		<marc:subfield code="a">Sermons by Laurence Sterne, A.M. Prebendary of York, and vicar of Sutton on the forest, and of Stillington near York.</marc:subfield>
		<marc:subfield code="d">Letter-press</marc:subfield>
		<marc:subfield code="g">Half</marc:subfield>
		<marc:subfield code="x">Section</marc:subfield>
		<marc:subfield code="v">v.8</marc:subfield>
	</marc:datafield>
	<marc:datafield tag="246" ind1=" " ind2=" ">
		<marc:subfield code="a">Letters of the late Laurence Sterne to his most intimate friends.</marc:subfield>
		<marc:subfield code="d">Letter-press</marc:subfield>
		<marc:subfield code="g">Half</marc:subfield>
		<marc:subfield code="x">Section</marc:subfield>
		<marc:subfield code="v">v.9</marc:subfield>
	</marc:datafield>
	<marc:datafield tag="246" ind1=" " ind2=" ">
		<marc:subfield code="a">Letters of the late Laurence Sterne: with A fragment, in the manner of Rabelais; and The history of the watch-coat.</marc:subfield>
		<marc:subfield code="d">Letter-press</marc:subfield>
		<marc:subfield code="g">Half</marc:subfield>
		<marc:subfield code="x">Section</marc:subfield>
		<marc:subfield code="v">v.10</marc:subfield>
	</marc:datafield>
	<marc:datafield tag="246" ind1=" " ind2=" ">
		<marc:subfield code="a">The fragment.</marc:subfield>
		<marc:subfield code="d">Letter-press</marc:subfield>
		<marc:subfield code="g">Half</marc:subfield>
		<marc:subfield code="x">Section</marc:subfield>
		<marc:subfield code="v">v.10</marc:subfield>
	</marc:datafield>
	<marc:datafield tag="246" ind1=" " ind2=" ">
		<marc:subfield code="a">The history of a good warm watch-coat; with which the present possessor is not content to cover his own shoulders, unless he can cut out of it a petticoat for his wife, and a pair of breeches for his son.</marc:subfield>
		<marc:subfield code="d">Letter-press</marc:subfield>
		<marc:subfield code="g">Half</marc:subfield>
		<marc:subfield code="x">Section</marc:subfield>
		<marc:subfield code="v">v.10</marc:subfield>
	</marc:datafield>
	<marc:datafield tag="246" ind1="0" ind2="7">
		<marc:subfield code="a">Memoirs of the life of the Rev. Mr. Sterne.</marc:subfield>
		<marc:subfield code="v">v.1</marc:subfield>
	</marc:datafield>
	<marc:datafield tag="246" ind1="0" ind2="7">
		<marc:subfield code="a">Memoirs of the life (verso)</marc:subfield>
		<marc:subfield code="a">of the Rev. Mr. Sterne. (recto)</marc:subfield>
		<marc:subfield code="v">v.1</marc:subfield>
	</marc:datafield>	
	<marc:datafield tag="246" ind1="0" ind2="7">
		<marc:subfield code="a">The life and opinions of Tristram Shandy.</marc:subfield>
		<marc:subfield code="v">v.1</marc:subfield>
		<marc:subfield code="v">v.2</marc:subfield>
		<marc:subfield code="v">v.3</marc:subfield>
		<marc:subfield code="v">v.4</marc:subfield>
	</marc:datafield>
	<marc:datafield tag="246" ind1="0" ind2="7">
		<marc:subfield code="a">The life and opinions (verso)</marc:subfield>
		<marc:subfield code="a">of Tristram Shandy. (recto)</marc:subfield>
		<marc:subfield code="v">v.1</marc:subfield>
		<marc:subfield code="v">v.2</marc:subfield>
		<marc:subfield code="v">v.3</marc:subfield>
		<marc:subfield code="v">v.4</marc:subfield>
	</marc:datafield>	
	<marc:datafield tag="246" ind1="0" ind2="7">
		<marc:subfield code="a">A sentimental journey through France and Italy.</marc:subfield>
		<marc:subfield code="v">v.5</marc:subfield>
	</marc:datafield>
	<marc:datafield tag="246" ind1="0" ind2="7">
		<marc:subfield code="a">A sentimental journey (verso)</marc:subfield>
		<marc:subfield code="a">through France and Italy. (recto)</marc:subfield>
		<marc:subfield code="v">v.5</marc:subfield>
	</marc:datafield>	
	<marc:datafield tag="246" ind1="0" ind2="7">
		<marc:subfield code="a">Sermon []</marc:subfield>
		<marc:subfield code="v">v.6</marc:subfield>
		<marc:subfield code="v">v.7</marc:subfield>
		<marc:subfield code="v">v.8</marc:subfield>
	</marc:datafield>
	<marc:datafield tag="246" ind1="0" ind2="7">
		<marc:subfield code="a">Sermon [] (verso)</marc:subfield>
		<marc:subfield code="a">Sermon [] (recto)</marc:subfield>
		<marc:subfield code="v">v.6</marc:subfield>
		<marc:subfield code="v">v.7</marc:subfield>
		<marc:subfield code="v">v.8</marc:subfield>
	</marc:datafield>	
	<marc:datafield tag="246" ind1="0" ind2="7">
		<marc:subfield code="a">Letters.</marc:subfield>
		<marc:subfield code="v">v.9</marc:subfield>
		<marc:subfield code="v">v.10</marc:subfield>
	</marc:datafield>
	<marc:datafield tag="246" ind1="0" ind2="7">
		<marc:subfield code="a">Letters. (verso)</marc:subfield>
		<marc:subfield code="a">Letters. (recto)</marc:subfield>
		<marc:subfield code="v">v.9</marc:subfield>
		<marc:subfield code="v">v.10</marc:subfield>
	</marc:datafield>	
	<marc:datafield tag="246" ind1="0" ind2="7">
		<marc:subfield code="a">The fragment.</marc:subfield>
		<marc:subfield code="v">v.10</marc:subfield>
	</marc:datafield>
	<marc:datafield tag="246" ind1="0" ind2="7">
		<marc:subfield code="a">The fragment. (verso)</marc:subfield>
		<marc:subfield code="a">The fragment. (recto)</marc:subfield>
		<marc:subfield code="v">v.10</marc:subfield>
	</marc:datafield>
	<marc:datafield tag="246" ind1="0" ind2="7">
		<marc:subfield code="a">The history of a watch-coat.</marc:subfield>
		<marc:subfield code="v">v.10</marc:subfield>
	</marc:datafield>
	<marc:datafield tag="246" ind1="0" ind2="7">
		<marc:subfield code="a">The history. (verso)</marc:subfield>
		<marc:subfield code="a">of a watch-coat. (recto)</marc:subfield>
		<marc:subfield code="v">v.10</marc:subfield>
	</marc:datafield>
	<marc:datafield tag="260" ind1="0" ind2=" ">
		<marc:subfield code="a">London</marc:subfield>
		<marc:subfield code="b">Printed for J. Dodsley, J. Johnson, G. G. J. and J. Robinson, T. Cadell, J. Murray, T. Becket, R. Baldwin, Hookham &amp; Co. A. Strahan, W. Lowndes, W. Bent, G. and T. Wilkie, C. and G. Kearsley, and D. Ogilvie &amp; Co.</marc:subfield>
		<marc:subfield code="c">1793</marc:subfield>
		<marc:subfield code="c">1793.</marc:subfield>
		<marc:subfield code="v">v.1</marc:subfield>
		<marc:subfield code="v">v.2</marc:subfield>
	</marc:datafield>	
	<marc:datafield tag="260" ind1="0" ind2=" ">
		<marc:subfield code="a">London</marc:subfield>
		<marc:subfield code="b">Printed for J. Dodsley, J. Johnson, G. G. J. and J. Robinson, T. Cadell, J. Murray, T. Becket, R. Baldwin, Hookham &amp; Co. A. Strahan, W. Lowndes, W. Bent, G. and T. Wilkie, C. and G. Kearsley, and D. Ogilvie &amp; Co.</marc:subfield>
		<marc:subfield code="c">1793</marc:subfield>
		<marc:subfield code="c">MDCCXCIII.</marc:subfield>
		<marc:subfield code="v">v.3</marc:subfield>
		<marc:subfield code="v">v.4</marc:subfield>
		<marc:subfield code="v">v.5</marc:subfield>
		<marc:subfield code="v">v.6</marc:subfield>
		<marc:subfield code="v">v.7</marc:subfield>
		<marc:subfield code="v">v.8</marc:subfield>
		<marc:subfield code="v">v.9</marc:subfield>
		<marc:subfield code="v">v.10</marc:subfield>
	</marc:datafield>
	<marc:datafield tag="300" ind1=" " ind2=" ">
		<marc:subfield code="a">10 v.</marc:subfield>
		<marc:subfield code="b">illus., plates.</marc:subfield>
		<marc:subfield code="c">19 cm.</marc:subfield>
		<marc:subfield code="x">Octavo</marc:subfield>
		<marc:subfield code="z">In Ten Volumes Complete</marc:subfield>
	</marc:datafield>
	<marc:datafield tag="500" ind1=" " ind2=" ">
		<marc:subfield code="a">The portrait wanting.</marc:subfield>
	</marc:datafield>
	<marc:datafield tag="500" ind1=" " ind2=" ">
		<marc:subfield code="a">Black page to mourn character Yorick's death, p. 57-8.</marc:subfield>
	</marc:datafield>
	<marc:datafield tag="500" ind1=" " ind2=" ">
		<marc:subfield code="a">Illustration on p. 214 of v.1; "W. Hogarth invt." "J. Collyer sculpt." "Published as the Act directs, Jany. 14th 1780, by W. Strahan, T. Cadell, J. Dodsley, G. Robinson, and J. Murray &amp; c."</marc:subfield>
	</marc:datafield>
	<marc:datafield tag="500" ind1=" " ind2=" ">
		<marc:subfield code="a">Illustration on p. 70 of v.2; "M. Rooker del." "J. Collyer sc." "Published as the Act directs, Jany. 14th 1780, by W. Strahan, T. Cadell, J. Dodsley, &amp; J. Murray, &amp; c. &amp; c."</marc:subfield>
	</marc:datafield>
	<marc:datafield tag="500" ind1=" " ind2=" ">
		<marc:subfield code="a">Colorful painting on p. 111-2 of v.2</marc:subfield>
	</marc:datafield>
	<marc:datafield tag="500" ind1=" " ind2=" ">
		<marc:subfield code="a">Illustration on p. 220 of v.2; "Hogarth invt." "Heath sculp." "Published as the Act directs, Jany. 14th 1780, by W. Strahan, T. Cadell, G. Robinson, &amp; J. Murray &amp; c."</marc:subfield>
	</marc:datafield>
	<marc:datafield tag="500" ind1=" " ind2=" ">
		<marc:subfield code="a">Illustration on p. 130 of v.3; "Published as the Act directs, Jany. 14th 1780, by W. Strahan, T. Cadell, J. Dodsley, G. Robinson, &amp; J. Murray &amp; c."</marc:subfield>
	</marc:datafield>
	<marc:datafield tag="500" ind1=" " ind2=" ">
		<marc:subfield code="a">Drawings on p. 241-3: "Inv. T.S." "Seul T.S."; lines graphing the trajectory of the story</marc:subfield>
	</marc:datafield>
	<marc:datafield tag="500" ind1=" " ind2=" ">
		<marc:subfield code="a">Illustration on p. 42 of v.4; "Published as the Act directs, Jany. 14th 1780, by W. Strahan, T. Cadell, J. Dodsley, G. Robinson, &amp; J. Murray &amp; c."</marc:subfield>
	</marc:datafield>
	<marc:datafield tag="500" ind1=" " ind2=" ">
		<marc:subfield code="a">Illustration on p. 109 of v.4; "M.A.Rooker del" "J. Collyer sc." "Published as the Act directs, Jany. 14th, 1780, by W. Strahan, T. Cadell, J. Dodsley, G. Robinson, &amp; J. Murray &amp; c."</marc:subfield>
	</marc:datafield>
	<marc:datafield tag="500" ind1=" " ind2=" ">
		<marc:subfield code="a">Drawing on p. 186: "Whilst a man is free,--cried the corporal, giving a flourish with his stick thus----"; drawing of a flourish</marc:subfield>
	</marc:datafield>
	<marc:datafield tag="500" ind1=" " ind2=" ">
		<marc:subfield code="a">Chapters 77 (LXXVII) and 78 (LXXVIII) are blank, but within chapter 84 (LXXIV) are included "The Seventy-seventh Chapter." and "Chapter the Seventy-eighth."</marc:subfield>
	</marc:datafield>
	<marc:datafield tag="500" ind1=" " ind2=" ">
		<marc:subfield code="a">Illustration on p. 36 of v.5; "E. Edwards Del." "P.W.Tomkins Sculp." "Published as the Act directs, Feby. 1, 1780, by W. Strahan, G. Robinson, T. Cadell, J. Murray and J. Evans."</marc:subfield>
	</marc:datafield>
	<marc:datafield tag="500" ind1=" " ind2=" ">
		<marc:subfield code="a">Drawing on p. 143 of v.4 of a crest.</marc:subfield>
	</marc:datafield>
	<marc:datafield tag="500" ind1=" " ind2=" ">
		<marc:subfield code="a">Illustration on p. 220 of v.5; "E. Edwards Del." "P.W.Tomkins Sculp." "Published as the Act directs, Feby. 1, 1780, by W. Strahan, G. Robinson, T. Cadell, J. Murray and J. Evans."</marc:subfield>
	</marc:datafield>
	<marc:datafield tag="500" ind1=" " ind2=" ">
		<marc:subfield code="a">Epigraph at the beginning of every sermon in v.6, v.7 and v.8.</marc:subfield>
	</marc:datafield>
	<marc:datafield tag="500" ind1=" " ind2=" ">
		<marc:subfield code="a">Authorship claim in main text, p.83, v.6: Author (text); Author claim description: Proper name; Author claim transcription: "Reverend sir, your most obliged, and faithful humble Servant, Laurence Sterne."; Location of author claim: middle.</marc:subfield>
	</marc:datafield>
	<marc:datafield tag="500" ind1=" " ind2=" ">
		<marc:subfield code="a">Illustration on p. 1 of v.9; "Painted by B. West" "Lydia Sterne de Medalle." "Engraved by J. Caldwall" "Published as the Act directs, Jany. 14th, 1780, by W. Strahan, T. Cadell, J. Dodsley, G. Robinson, &amp; J. Murray, &amp; c. &amp; c."</marc:subfield>
	</marc:datafield>
	<marc:datafield tag="505" ind1="0" ind2=" ">
		<marc:subfield code="a">v. 1-4. The life and opinions of Tristram Shandy, gentleman.--v. 5. A sentimental journey through France and Italy. By Mr. Yorick.--v. 6. The sermons of Mr. Yorick.--v. 7-8. Sermons by Laurence Sterne.--v. 9. Letters of the late Laurence Sterne to his most intimate friends.--v. 10. Letters of the late Laurence Sterne: with A fragment, in the manner of Rabelais; and The history of a watch-coat.</marc:subfield>
	</marc:datafield>
	<marc:datafield tag="520" ind1=" " ind2=" ">
		<marc:subfield code="a">Advertisement</marc:subfield>
		<marc:subfield code="b">Advertisement.</marc:subfield>
		<marc:subfield code="c">Front</marc:subfield>
		<marc:subfield code="v">v.1</marc:subfield>
		<marc:subfield code="v">Transcription of first sentence: The works of Mr. Sterne, after contending with the prejudices of some, and the ignorance of others, have at length obtained that general approbation which they are entitled to by their various, original, and intrinsic merits.</marc:subfield>
	</marc:datafield>
	<marc:datafield tag="520" ind1=" " ind2=" ">
		<marc:subfield code="a">Memoir</marc:subfield>
		<marc:subfield code="b">Memoirs of the life and family of the late Rev. Mr. Laurence Sterne. Written by himself.</marc:subfield>
		<marc:subfield code="c">Front</marc:subfield>
		<marc:subfield code="v">v.1</marc:subfield>
	</marc:datafield>	
	<marc:datafield tag="520" ind1=" " ind2=" ">
		<marc:subfield code="a">Other</marc:subfield>
		<marc:subfield code="b">Iowing Genealogy is extracted from Thoresby's Ducatus Leodinenfis, p. 215</marc:subfield>
		<marc:subfield code="c">Front</marc:subfield>
		<marc:subfield code="v">v.1</marc:subfield>
		<marc:subfield code="x">Genealogy part of memoirs; p. viii.</marc:subfield>
	</marc:datafield>	
	<marc:datafield tag="520" ind1=" " ind2=" ">
		<marc:subfield code="a">Dedication</marc:subfield>
		<marc:subfield code="b">To the right honourable Mr. Pitt.</marc:subfield>
		<marc:subfield code="c">Front</marc:subfield>
		<marc:subfield code="v">v.1</marc:subfield>
		<marc:subfield code="x">Transcription of first sentence: Sir, never poor Wight of a Dedicator had less hopes from his Dedication, than I have from this of mine; for it is written in a bye corner of the kingdom, and in a retir'd thatch'd house, where I live in a constant endeavour to fence against the infirmities of ill health, and other evils of life, by mirth; being firmly persuaded that every time a man smiles, ---- but much more so, when he laughs, it adds something to this Fragment of Life.; Signed: I am, Great Sir, (and what is more to your Honour) I am, Good Sir, your well-wither, and most humble fellow-subject, The Author.</marc:subfield>
	</marc:datafield>	
	<marc:datafield tag="520" ind1=" " ind2=" ">
		<marc:subfield code="a">Footnotes</marc:subfield>
		<marc:subfield code="c">Middle</marc:subfield>
		<marc:subfield code="v">v.1</marc:subfield>
		<marc:subfield code="x">Footnotes on pp. v, vii, xiv, xv, xvi, 103, 104, 270, 271, 279</marc:subfield>
	</marc:datafield>	
	<marc:datafield tag="520" ind1=" " ind2=" ">
		<marc:subfield code="a">Preface</marc:subfield>
		<marc:subfield code="b">The author's preface.</marc:subfield>
		<marc:subfield code="c">Middle</marc:subfield>
		<marc:subfield code="v">v.2</marc:subfield>
		<marc:subfield code="x">On p. 46, transcription of first sentence: No, I'll not say a word about it---here it is;--in publishing it--I have appealed to the world----and to the world I leave it;--it must speak for itself.</marc:subfield>
	</marc:datafield>
	<marc:datafield tag="520" ind1=" " ind2=" ">
		<marc:subfield code="a">Footnotes</marc:subfield>
		<marc:subfield code="c">Middle</marc:subfield>
		<marc:subfield code="v">v.2</marc:subfield>
		<marc:subfield code="x">Footnotes on pp. 8, 138, 156, 157-8, 170, 211, 212, 216, 239, 241, 286, 289, 290, 306</marc:subfield>
	</marc:datafield>		
	<marc:datafield tag="520" ind1=" " ind2=" ">
		<marc:subfield code="a">Dedication</marc:subfield>
		<marc:subfield code="b">To the right honourable John, Lord Viscount Spencer.</marc:subfield>
		<marc:subfield code="c">Front</marc:subfield>
		<marc:subfield code="v">v.3</marc:subfield>
		<marc:subfield code="x">Transcription of first sentence: My Lord, I humbly beg leave to offer you these two Volumes*; they are the best my talents, with such bad health as I have, could produce:--had Providence granted me a larger stock of either, they had been a much more proper present to your Lordship.; Signed: I am, my lord, your lordship's most devoted and most humble servant, Laur. Sterne.</marc:subfield>
	</marc:datafield>
	<marc:datafield tag="520" ind1=" " ind2=" ">
		<marc:subfield code="a">Footnotes</marc:subfield>
		<marc:subfield code="c">Middle</marc:subfield>
		<marc:subfield code="v">v.3</marc:subfield>
		<marc:subfield code="x">Footnotes on pp. 78, 84, 85, 123, 128, 281, 285</marc:subfield>
	</marc:datafield>	
	<marc:datafield tag="520" ind1=" " ind2=" ">
		<marc:subfield code="a">Dedication</marc:subfield>
		<marc:subfield code="b">A dedication to a great man.</marc:subfield>
		<marc:subfield code="c">Front</marc:subfield>
		<marc:subfield code="v">v.4</marc:subfield>
		<marc:subfield code="x">Transcription of first sentence: Having, a priori, intended to dedicate The Amours of my Uncle Toby to Mr. ***----I see more reasons, a posteriori, for doing it to Lord *******.</marc:subfield>
	</marc:datafield>	
	<marc:datafield tag="520" ind1=" " ind2=" ">
		<marc:subfield code="a">Footnotes</marc:subfield>
		<marc:subfield code="c">Middle</marc:subfield>
		<marc:subfield code="v">v.5</marc:subfield>
		<marc:subfield code="x">Footnotes on pp. 2, 13, 52, 70, 204, 206</marc:subfield>
	</marc:datafield>	
	<marc:datafield tag="520" ind1=" " ind2=" ">
		<marc:subfield code="a">Preface</marc:subfield>
		<marc:subfield code="b">Preface.</marc:subfield>
		<marc:subfield code="c">Front</marc:subfield>
		<marc:subfield code="v">v.6</marc:subfield>
		<marc:subfield code="x">Transcription of first sentence: The sermon which gave rise to the publication of these, having been offered to the world as a Sermon of Yorick's, I hope the most serious reader will find nothing to offend him; in my continuing these volumes under the same title: lest it should be otherwise, I have added a second title-page with the real name of the Author---the first will serve the bookseller's purpose, as Yorick's name is possibly of the two the more known;---and the second will ease the minds of those who see a jest, and the danger which lurks under it, where no jest was meant.</marc:subfield>
	</marc:datafield>
	<marc:datafield tag="520" ind1=" " ind2=" ">
		<marc:subfield code="a">Footnotes</marc:subfield>
		<marc:subfield code="c">Middle</marc:subfield>
		<marc:subfield code="v">v.6</marc:subfield>
		<marc:subfield code="x">Footnotes on pp. 33, 107, 118, 165</marc:subfield>
	</marc:datafield>	
	<marc:datafield tag="520" ind1=" " ind2=" ">
		<marc:subfield code="a">Table of contents</marc:subfield>
		<marc:subfield code="b">Contents.</marc:subfield>
		<marc:subfield code="c">Front</marc:subfield>
		<marc:subfield code="v">v.6</marc:subfield>
	</marc:datafield>	
	<marc:datafield tag="520" ind1=" " ind2=" ">
		<marc:subfield code="a">Table of contents</marc:subfield>
		<marc:subfield code="b">Contents.</marc:subfield>
		<marc:subfield code="c">Front</marc:subfield>
		<marc:subfield code="v">v.7</marc:subfield>
	</marc:datafield>
	<marc:datafield tag="520" ind1=" " ind2=" ">
		<marc:subfield code="a">Footnotes</marc:subfield>
		<marc:subfield code="c">Middle</marc:subfield>
		<marc:subfield code="v">v.7</marc:subfield>
		<marc:subfield code="x">Footnotes on pp. 100, 111, 186</marc:subfield>
	</marc:datafield>	
	<marc:datafield tag="520" ind1=" " ind2=" ">
		<marc:subfield code="a">Table of contents</marc:subfield>
		<marc:subfield code="b">Contents.</marc:subfield>
		<marc:subfield code="c">Front</marc:subfield>
		<marc:subfield code="v">v.8</marc:subfield>
	</marc:datafield>	
	<marc:datafield tag="520" ind1=" " ind2=" ">
		<marc:subfield code="a">Dedication</marc:subfield>
		<marc:subfield code="b">To David Garrick, Esq.</marc:subfield>
		<marc:subfield code="c">Front</marc:subfield>
		<marc:subfield code="v">v.9</marc:subfield>
		<marc:subfield code="x">Transcription of first sentence: When I was asked to whom I should dedicate these Volumes, I carelessly answered, To no one---Why not? (replied the person who put the question to me.); Signed: Dear sir, your obliged humble Servant, Lydia Sterne De Medalle.; Date: London, June, 1775.</marc:subfield>
	</marc:datafield>	
	<marc:datafield tag="520" ind1=" " ind2=" ">
		<marc:subfield code="a">Poem</marc:subfield>
		<marc:subfield code="b">A character and eulogium of Sterne, and his writings; in a familiar epistle from a gentleman in Ireland to his friend. [Written in the year 1769]</marc:subfield>
		<marc:subfield code="c">Front</marc:subfield>
		<marc:subfield code="v">v.9</marc:subfield>
		<marc:subfield code="x">Transcription of first line: What trifle comes next? -Spare the censure,</marc:subfield>
	</marc:datafield>	
	<marc:datafield tag="520" ind1=" " ind2=" ">
		<marc:subfield code="a">Preface</marc:subfield>
		<marc:subfield code="b">Preface.</marc:subfield>
		<marc:subfield code="c">Front</marc:subfield>
		<marc:subfield code="v">v.9</marc:subfield>
		<marc:subfield code="x">Transcription of first-sentence: In publishing these Letters the Editor does but comply with her mother's request, which was, that if any Letters were publish'd under Mr. Sterne's name, those she had in her possession (as well as those that her father's friends would be kind enough to send to her) should be likewise publish'd--She depends much on the candour of the Public for the favourable reception of them,---their being genuine*, she thinks, and hopes, will render them not unacceptable--She has already experienced much benevolence and generosity from her late father's friends--the remembrance of which will ever warm her heart with gratitude.</marc:subfield>
	</marc:datafield>
	<marc:datafield tag="520" ind1=" " ind2=" ">
		<marc:subfield code="a">Other</marc:subfield>
		<marc:subfield code="b">In memory of Mr. Sterne, author of The Sentimental Journey.</marc:subfield>
		<marc:subfield code="c">Front</marc:subfield>
		<marc:subfield code="v">v.9</marc:subfield>
		<marc:subfield code="x">Free verse poem; transcription of first line: With wit, and genuine humour, to dispel,</marc:subfield>
	</marc:datafield>	
	<marc:datafield tag="520" ind1=" " ind2=" ">
		<marc:subfield code="a">Other</marc:subfield>
		<marc:subfield code="b">A character and eulogium of Sterne; and his writings; in a familiar epistle from a gentleman in Ireland to his friend.</marc:subfield>
		<marc:subfield code="c">Front</marc:subfield>
		<marc:subfield code="v">v.9</marc:subfield>
		<marc:subfield code="x">Transcription of first line: What trifle comes next?--Spare the censure, my friend,</marc:subfield>
	</marc:datafield>	
	<marc:datafield tag="520" ind1=" " ind2=" ">
		<marc:subfield code="a">Table of contents</marc:subfield>
		<marc:subfield code="b">Contents.</marc:subfield>
		<marc:subfield code="c">Front</marc:subfield>
		<marc:subfield code="v">v.9</marc:subfield>
	</marc:datafield>
	<marc:datafield tag="520" ind1=" " ind2=" ">
		<marc:subfield code="a">Footnotes</marc:subfield>
		<marc:subfield code="c">Middle</marc:subfield>
		<marc:subfield code="v">v.9</marc:subfield>
		<marc:subfield code="x">Footnotes on pp. ix, xiii, 1, 28, 29, 30, 31, 33, 37, 38, 51, 55, 57, 63, 70, 81, 141, 189, 196, 203</marc:subfield>
	</marc:datafield>	
	<marc:datafield tag="520" ind1=" " ind2=" ">
		<marc:subfield code="a">Table of contents</marc:subfield>
		<marc:subfield code="b">Contents.</marc:subfield>
		<marc:subfield code="c">Front</marc:subfield>
		<marc:subfield code="v">v.10</marc:subfield>
	</marc:datafield>
	<marc:datafield tag="520" ind1=" " ind2=" ">
		<marc:subfield code="a">Footnotes</marc:subfield>
		<marc:subfield code="c">Middle</marc:subfield>
		<marc:subfield code="v">v.10</marc:subfield>
		<marc:subfield code="x">Footnotes on pp. 1, 9, 38, 127, 147, 163, 164, 165, 166, 176-7, 178, 181, 184, 185, 186, 187, 189, 192, 193</marc:subfield>
	</marc:datafield>
	<marc:datafield tag="510" ind1="4" ind2=" ">
		<marc:subfield code="a">ESTC (RLIN)</marc:subfield>
		<marc:subfield code="c">T14787</marc:subfield>
	</marc:datafield>
	<marc:datafield tag="591" ind1=" " ind2=" ">
		<marc:subfield code="a">(in Greek)</marc:subfield>
	    <marc:subfield code="v">v.1</marc:subfield>
	    <marc:subfield code="x">Section title page for The Life and Opinions of Tristram Shandy.</marc:subfield>
	</marc:datafield>
	<marc:datafield tag="591" ind1=" " ind2=" ">
		<marc:subfield code="a">Multitudinis imperit non formido judicia, meis tamen, rogo, parcant opusculis----in quibus fuit propositi semper, a jocis ad feria, in seriis vicissim ad jocos transire.</marc:subfield>
		<marc:subfield code="1">Episcopus Lugdun</marc:subfield>
		<marc:subfield code="2">Joan. Saresberiensis</marc:subfield>
		<marc:subfield code="d">I do not dread the judgements of the ignorant multitude; I ask, however, that they spare my little works in which it was always the design to pass in turn from jests to serious matters and from serious matters to jests.</marc:subfield>
	    <marc:subfield code="v">v.2</marc:subfield>
	</marc:datafield>	
	<marc:datafield tag="591" ind1=" " ind2=" ">
		<marc:subfield code="a">Dixero si quid fort jocosius, hoc mihi juris cum venia dabis</marc:subfield>
		<marc:subfield code="2">Hor.</marc:subfield>
		<marc:subfield code="c">Horace</marc:subfield>
		<marc:subfield code="d">If in my words I am too free, perchance too light, this bit of liberty you will indulgently grant me.</marc:subfield>
	    <marc:subfield code="v">v.3</marc:subfield>
	    <marc:subfield code="x">http://www.tristramshandyweb.it/sezioni/langrhet/langrhet_themes/multivoice/mvd6.htm</marc:subfield>
	</marc:datafield>
	<marc:datafield tag="591" ind1=" " ind2=" ">
		<marc:subfield code="a">Si quis calumnietur levius esse quam decet theologum, aut mordacius quam deceat Christianum-non Ego, sed Democritus dixit.--</marc:subfield>
		<marc:subfield code="2">Erasmus.</marc:subfield>
		<marc:subfield code="c">Erasmus</marc:subfield>
		<marc:subfield code="d">Should anyone judge my writings harshly as being in a lighter vein than suits a theologian or more biting than is appropriate to a Christian-not I, but Democritus said it.</marc:subfield>
	    <marc:subfield code="v">v.3</marc:subfield>
	    <marc:subfield code="x">http://www.tristramshandyweb.it/sezioni/langrhet/langrhet_themes/multivoice/mvd6.htm</marc:subfield>
	</marc:datafield>	
	<marc:datafield tag="591" ind1=" " ind2=" ">
		<marc:subfield code="a">Si quis Clericus, aut Monachus, verba joculatoria, risum moventia, sciebat, anathema esto.</marc:subfield>
		<marc:subfield code="2">Second Council of Carthage.</marc:subfield>
		<marc:subfield code="d">If any cleric or a monk, and the words of the joculatoria, that move to laughter, he knew it is an anathema.</marc:subfield>
	    <marc:subfield code="v">v.3</marc:subfield>
	</marc:datafield>
	<marc:datafield tag="591" ind1=" " ind2=" ">
		<marc:subfield code="a">Non enim excursus hic ejus, sed opus ipsum est.</marc:subfield>
		<marc:subfield code="1">Plin. Lib. v. Epist. 6</marc:subfield>
		<marc:subfield code="c">Gaius Plinius Caecilius Secundus</marc:subfield>
		<marc:subfield code="d">For this is not a digression but is itself the work.</marc:subfield>
	    <marc:subfield code="v">v.4</marc:subfield>
        <marc:subfield code="x">http://www.tristramshandyweb.it/sezioni/langrhet/langrhet_themes/multivoice/mvd7.htm</marc:subfield>
	</marc:datafield>
	<marc:datafield tag="591" ind1=" " ind2=" ">
		<marc:subfield code="a">Si quid urbaniuscul lusum a nobis per Musas et Charitas et omnium potarum Numina, Qro te, ne me mal capias.</marc:subfield>
		<marc:subfield code="d">Though you might prefer a somewhat more polite amusement, by the Muses and Charities and the grace of all poets, do not think badly of me.</marc:subfield>
	    <marc:subfield code="v">v.4</marc:subfield>
        <marc:subfield code="x">https://www.shmoop.com/tristram-shandy/epigraph.html</marc:subfield>
	</marc:datafield>
	<marc:datafield tag="592" ind1=" " ind2=" ">
		<marc:subfield code="a">First-person</marc:subfield>
		<marc:subfield code="b">Third-person</marc:subfield>
		<marc:subfield code="x">Volume 9 and most of volume 10 epistolary; containing "Letters". Ode on p. 187, v.2; letter on p. 83, v.6</marc:subfield>
	</marc:datafield>
	<marc:datafield tag="595" ind1=" " ind2=" ">
		<marc:subfield code="a">Pencil</marc:subfield>
		<marc:subfield code="b">Reader markings</marc:subfield>
		<marc:subfield code="v">v.1</marc:subfield>
		<marc:subfield code="x">On p. 181: the word "insult" underlined, and in the margins: "infult?"</marc:subfield>
	</marc:datafield>	
	<marc:datafield tag="595" ind1=" " ind2=" ">
		<marc:subfield code="a">Pencil</marc:subfield>
		<marc:subfield code="b">Reader markings</marc:subfield>
		<marc:subfield code="v">v.1</marc:subfield>
		<marc:subfield code="x">On p. 188: the word "insult" underlined, and in the margins: "infult"</marc:subfield>
	</marc:datafield>	
	<marc:datafield tag="595" ind1=" " ind2=" ">
		<marc:subfield code="a">Pencil</marc:subfield>
		<marc:subfield code="b">Words</marc:subfield>
		<marc:subfield code="v">v.4</marc:subfield>
		<marc:subfield code="x">On p. 264: "+ of Tristram Shandy."</marc:subfield>
	</marc:datafield>	
	<marc:datafield tag="595" ind1=" " ind2=" ">
		<marc:subfield code="a">Ink</marc:subfield>
		<marc:subfield code="b">Reader markings</marc:subfield>
		<marc:subfield code="v">v.7</marc:subfield>
		<marc:subfield code="x">On p. 255, "deeling" corrected to "dealing".</marc:subfield>
	</marc:datafield>
	<marc:datafield tag="599" ind1=" " ind2=" ">
		<marc:subfield code="a">Author (text)</marc:subfield>
		<marc:subfield code="b">Generic/Descriptive</marc:subfield>
		<marc:subfield code="2">With a life of the author, written by himself.</marc:subfield>
		<marc:subfield code="3">TitlePage</marc:subfield>
		<marc:subfield code="5">Male</marc:subfield>
		<marc:subfield code="6">Male</marc:subfield>
		<marc:subfield code="v">v.1</marc:subfield>
	</marc:datafield>	
	<marc:datafield tag="599" ind1=" " ind2=" ">
		<marc:subfield code="a">Author (text)</marc:subfield>
		<marc:subfield code="b">Generic/Descriptive</marc:subfield>
		<marc:subfield code="2">I am, great sir (and what is more to your honour) I am, good sir, your well wisher, and most humble fellow-subject, the author.</marc:subfield>
		<marc:subfield code="3">Dedication</marc:subfield>
		<marc:subfield code="5">Indeterminate</marc:subfield>
		<marc:subfield code="6">Male</marc:subfield>
		<marc:subfield code="v">v.1</marc:subfield>
	</marc:datafield>	
	<marc:datafield tag="599" ind1=" " ind2=" ">
		<marc:subfield code="a">Author (text)</marc:subfield>
		<marc:subfield code="b">Proper name</marc:subfield>
		<marc:subfield code="2">I am, my lord, your Lordship's most devoted and most humble servant, Laur. Sterne.</marc:subfield>
		<marc:subfield code="3">Dedication</marc:subfield>
		<marc:subfield code="5">Male</marc:subfield>
		<marc:subfield code="6">Male</marc:subfield>
		<marc:subfield code="v">v.3</marc:subfield>
	</marc:datafield>	
	<marc:datafield tag="599" ind1=" " ind2=" ">
		<marc:subfield code="a">Author (text)</marc:subfield>
		<marc:subfield code="b">Generic/Descriptive</marc:subfield>
		<marc:subfield code="2">In the mean time, I am the author.</marc:subfield>
		<marc:subfield code="3">Dedication</marc:subfield>
		<marc:subfield code="5">Indeterminate</marc:subfield>
		<marc:subfield code="6">Male</marc:subfield>
		<marc:subfield code="v">v.4</marc:subfield>
	</marc:datafield>	
	<marc:datafield tag="599" ind1=" " ind2=" ">
		<marc:subfield code="a">Author (paratext)</marc:subfield>
		<marc:subfield code="b">Proper name</marc:subfield>
		<marc:subfield code="2">Dear Sir, Your obliged Servant, Lydia Sterne De Medalle.</marc:subfield>
		<marc:subfield code="3">Dedication</marc:subfield>
		<marc:subfield code="5">Female</marc:subfield>
		<marc:subfield code="6">Female</marc:subfield>
		<marc:subfield code="v">v.9</marc:subfield>
	</marc:datafield>
	<marc:datafield tag="650" ind1=" " ind2="4">
		<marc:subfield code="a">%CHR 1793</marc:subfield>
	</marc:datafield>
	<marc:datafield tag="700" ind1=" " ind2=" ">
		<marc:subfield code="a">Sterne, Laurence</marc:subfield>
		<marc:subfield code="d">1713-1768</marc:subfield>
		<marc:subfield code="4">Author (text)</marc:subfield>
		<marc:subfield code="4">Author (paratext)</marc:subfield>
		<marc:subfield code="5">Authorized</marc:subfield>
	</marc:datafield>
	<marc:datafield tag="700" ind1=" " ind2=" ">
		<marc:subfield code="a">Dodsley, James</marc:subfield>
		<marc:subfield code="d">1724-1797</marc:subfield>
		<marc:subfield code="4">Printed for</marc:subfield>
		<marc:subfield code="5">Authorized</marc:subfield>
	</marc:datafield>
	<marc:datafield tag="700" ind1=" " ind2=" ">
		<marc:subfield code="a">Johnson, Joseph</marc:subfield>
		<marc:subfield code="d">1738-1809</marc:subfield>
		<marc:subfield code="4">Printed for</marc:subfield>
		<marc:subfield code="5">Authorized</marc:subfield>
	</marc:datafield>
	<marc:datafield tag="700" ind1=" " ind2=" ">
		<marc:subfield code="a">Cadell, T. (Thomas)</marc:subfield>
		<marc:subfield code="d">1742-1802</marc:subfield>
		<marc:subfield code="4">Printed for</marc:subfield>
		<marc:subfield code="5">Authorized</marc:subfield>
	</marc:datafield>
	<marc:datafield tag="700" ind1=" " ind2=" ">
		<marc:subfield code="a">Murray, John</marc:subfield>
		<marc:subfield code="d">1742-1802</marc:subfield>
		<marc:subfield code="4">Printed for</marc:subfield>
		<marc:subfield code="5">Authorized</marc:subfield>
	</marc:datafield>
	<marc:datafield tag="700" ind1=" " ind2=" ">
		<marc:subfield code="a">Becket, Thomas</marc:subfield>
		<marc:subfield code="4">Printed for</marc:subfield>
		<marc:subfield code="5">Authorized</marc:subfield>
	</marc:datafield>
	<marc:datafield tag="700" ind1=" " ind2=" ">
		<marc:subfield code="a">Baldwin, R. (Robert)</marc:subfield>
		<marc:subfield code="d">1737-1810</marc:subfield>
		<marc:subfield code="4">Printed for</marc:subfield>
		<marc:subfield code="5">Authorized</marc:subfield>
	</marc:datafield>
	<marc:datafield tag="700" ind1=" " ind2=" ">
		<marc:subfield code="a">Strahan, Andrew</marc:subfield>
		<marc:subfield code="d">-1831</marc:subfield>
		<marc:subfield code="4">Printed for</marc:subfield>
		<marc:subfield code="5">Authorized</marc:subfield>
	</marc:datafield>
	<marc:datafield tag="700" ind1=" " ind2=" ">
		<marc:subfield code="a">Lowndes, William</marc:subfield>
		<marc:subfield code="4">Printed for</marc:subfield>
		<marc:subfield code="5">Unauthorized</marc:subfield>
	</marc:datafield>
	<marc:datafield tag="700" ind1=" " ind2=" ">
		<marc:subfield code="a">Bent, William</marc:subfield>
		<marc:subfield code="d">1747-1823</marc:subfield>
		<marc:subfield code="4">Printed for</marc:subfield>
		<marc:subfield code="5">Authorized</marc:subfield>
	</marc:datafield>
	<marc:datafield tag="700" ind1=" " ind2=" ">
		<marc:subfield code="a">De Medalle, L. S. (Lydia Sterne)</marc:subfield>
		<marc:subfield code="d">1747-</marc:subfield>
		<marc:subfield code="4">Author (paratext)</marc:subfield>
		<marc:subfield code="5">Authorized</marc:subfield>
	</marc:datafield>
	<marc:datafield tag="700" ind1=" " ind2=" ">
		<marc:subfield code="a">Mr. Pitt</marc:subfield>
		<marc:subfield code="4">Dedicatee</marc:subfield>
		<marc:subfield code="5">Unauthorized</marc:subfield>
	</marc:datafield>
	<marc:datafield tag="700" ind1=" " ind2=" ">
		<marc:subfield code="a">Spencer, John Charles Spencer Earl</marc:subfield>
		<marc:subfield code="d">1782-1845</marc:subfield>
		<marc:subfield code="4">Dedicatee</marc:subfield>
		<marc:subfield code="5">Authorized</marc:subfield>
	</marc:datafield>
	<marc:datafield tag="700" ind1=" " ind2=" ">
		<marc:subfield code="a">Garrick, David</marc:subfield>
		<marc:subfield code="d">1717-1779</marc:subfield>
		<marc:subfield code="4">Dedicatee</marc:subfield>
		<marc:subfield code="5">Authorized</marc:subfield>
	</marc:datafield>
	<marc:datafield tag="700" ind1=" " ind2=" ">
		<marc:subfield code="a">W. Hogarth</marc:subfield>
		<marc:subfield code="4">Author (illustration)</marc:subfield>
		<marc:subfield code="5">Unauthorized</marc:subfield>
	</marc:datafield>
	<marc:datafield tag="700" ind1=" " ind2=" ">
		<marc:subfield code="a">Collyer, Joseph</marc:subfield>
		<marc:subfield code="d">1748-1827</marc:subfield>
		<marc:subfield code="4">Author (illustration)</marc:subfield>
		<marc:subfield code="5">Authorized</marc:subfield>
	</marc:datafield>
	<marc:datafield tag="700" ind1=" " ind2=" ">
		<marc:subfield code="a">M. A. Rooker</marc:subfield>
		<marc:subfield code="4">Author (illustration)</marc:subfield>
		<marc:subfield code="5">Unauthorized</marc:subfield>
	</marc:datafield>
	<marc:datafield tag="700" ind1=" " ind2=" ">
		<marc:subfield code="a">Heath, Charles</marc:subfield>
		<marc:subfield code="d">1785-1848</marc:subfield>
		<marc:subfield code="4">Author (illustration)</marc:subfield>
		<marc:subfield code="5">Authorized</marc:subfield>
	</marc:datafield>
	<marc:datafield tag="700" ind1=" " ind2=" ">
		<marc:subfield code="a">Edwards, Edward</marc:subfield>
		<marc:subfield code="d">1766-1849</marc:subfield>
		<marc:subfield code="4">Author (illustration)</marc:subfield>
		<marc:subfield code="5">Authorized</marc:subfield>
	</marc:datafield>
	<marc:datafield tag="700" ind1=" " ind2=" ">
		<marc:subfield code="a">West, Benjamin</marc:subfield>
		<marc:subfield code="d">1738-1820</marc:subfield>
		<marc:subfield code="4">Author (illustration)</marc:subfield>
		<marc:subfield code="5">Authorized</marc:subfield>
	</marc:datafield>
	<marc:datafield tag="700" ind1=" " ind2=" ">
		<marc:subfield code="a">Caldwall, James</marc:subfield>
		<marc:subfield code="d">1739-1819</marc:subfield>
		<marc:subfield code="4">Author (illustration)</marc:subfield>
		<marc:subfield code="5">Authorized</marc:subfield>
	</marc:datafield>
	<marc:datafield tag="700" ind1=" " ind2=" ">
		<marc:subfield code="a">Tomkins, Peltro William</marc:subfield>
		<marc:subfield code="d">1759-1840</marc:subfield>
		<marc:subfield code="4">Author (illustration)</marc:subfield>
		<marc:subfield code="5">Authorized</marc:subfield>
	</marc:datafield>	
	<marc:datafield tag="710" ind1=" " ind2=" ">
		<marc:subfield code="a">Hookham and Co.</marc:subfield>
		<marc:subfield code="4">Printed for</marc:subfield>
		<marc:subfield code="5">Unauthorized</marc:subfield>
	</marc:datafield>
	<marc:datafield tag="710" ind1=" " ind2=" ">
		<marc:subfield code="a">G. G. J. and J. Robinson (Paternoster-Row, London, England)</marc:subfield>
		<marc:subfield code="4">Printed for</marc:subfield>
		<marc:subfield code="5">Authorized</marc:subfield>
	</marc:datafield>
	<marc:datafield tag="710" ind1=" " ind2=" ">
		<marc:subfield code="a">G. and T. Wilkie (Firm)</marc:subfield>
		<marc:subfield code="4">Printed for</marc:subfield>
		<marc:subfield code="5">Authorized</marc:subfield>
	</marc:datafield>
	<marc:datafield tag="710" ind1=" " ind2=" ">
		<marc:subfield code="a">C. &amp; G. Kearsley (London, England)</marc:subfield>
		<marc:subfield code="4">Printed for</marc:subfield>
		<marc:subfield code="5">Authorized</marc:subfield>
	</marc:datafield>
	<marc:datafield tag="710" ind1=" " ind2=" ">
		<marc:subfield code="a">D. Ogilvie and Co.</marc:subfield>
		<marc:subfield code="4">Printed for</marc:subfield>
		<marc:subfield code="5">Unauthorized</marc:subfield>
	</marc:datafield>
	<marc:datafield tag="710" ind1="2" ind2=" ">
		<marc:subfield code="a">Collection of British and American Fiction, 1660-1830 (University of Pennsylvania)</marc:subfield>
		<marc:subfield code="5">PU</marc:subfield>
	</marc:datafield>
	<marc:datafield tag="710" ind1="2" ind2=" ">
		<marc:subfield code="a">Early Novels</marc:subfield>
		<marc:subfield code="5">University of Pennsylvania</marc:subfield>
	</marc:datafield>
	<marc:datafield tag="950" ind1=" " ind2=" ">
		<marc:subfield code="l">SPEC</marc:subfield>
		<marc:subfield code="i">01/01/01 N</marc:subfield>
	</marc:datafield>
	<marc:datafield tag="955" ind1=" " ind2=" ">
		<marc:subfield code="l">SPEC</marc:subfield>
		<marc:subfield code="q">gSFVanKirk v1-10 ma/bk</marc:subfield>
	</marc:datafield>
	<marc:datafield tag="989" ind1=" " ind2=" ">
		<marc:subfield code="2">Work</marc:subfield>
		<marc:subfield code="2">Volume</marc:subfield>
		<marc:subfield code="2">Life</marc:subfield>
		<marc:subfield code="2">Opinion</marc:subfield>
		<marc:subfield code="2">Gent.</marc:subfield>
		<marc:subfield code="2">Journey</marc:subfield>
		<marc:subfield code="2">Sermon</marc:subfield>
		<marc:subfield code="2">Author</marc:subfield>
		<marc:subfield code="2">Fragment</marc:subfield>
		<marc:subfield code="2">Manner</marc:subfield>
		<marc:subfield code="2">History</marc:subfield>
		<marc:subfield code="2">Watch-Coat</marc:subfield>
		<marc:subfield code="2">Possessor</marc:subfield>
		<marc:subfield code="2">Shoulder</marc:subfield>
		<marc:subfield code="2">Petticoat</marc:subfield>
		<marc:subfield code="2">Wife</marc:subfield>
		<marc:subfield code="2">Pair</marc:subfield>
		<marc:subfield code="2">Breech</marc:subfield>
		<marc:subfield code="2">Son</marc:subfield>
		<marc:subfield code="2">Friend</marc:subfield>
		<marc:subfield code="2">Prebendary</marc:subfield>
		<marc:subfield code="2">Vicar</marc:subfield>
		<marc:subfield code="2">Forest</marc:subfield>
		<marc:subfield code="2">Mr.</marc:subfield>
		<marc:subfield code="3">Ten</marc:subfield>
		<marc:subfield code="3">Complete</marc:subfield>
		<marc:subfield code="3">France</marc:subfield>
		<marc:subfield code="3">Italy</marc:subfield>
		<marc:subfield code="3">Sentimental</marc:subfield>
		<marc:subfield code="3">Late</marc:subfield>
		<marc:subfield code="3">Present</marc:subfield>
		<marc:subfield code="3">Good</marc:subfield>
		<marc:subfield code="3">Warm</marc:subfield>
		<marc:subfield code="3">Content</marc:subfield>
		<marc:subfield code="3">Intimate</marc:subfield>
		<marc:subfield code="4">York</marc:subfield>
		<marc:subfield code="4">Sutton</marc:subfield>
		<marc:subfield code="4">Stillington</marc:subfield>
		<marc:subfield code="5">Laurence Sterne</marc:subfield>
		<marc:subfield code="5">Rabelais</marc:subfield>
		<marc:subfield code="5">Yorick</marc:subfield>
		<marc:subfield code="5">Tristram Shandy</marc:subfield>
		<marc:subfield code="6">Contain</marc:subfield>
		<marc:subfield code="6">Write</marc:subfield>
		<marc:subfield code="6">Cover</marc:subfield>
		<marc:subfield code="6">Cut</marc:subfield>
		<marc:subfield code="7">Letter</marc:subfield>
	</marc:datafield>
	<marc:datafield tag="999" ind1=" " ind2=" ">
		<marc:subfield code="a">AS</marc:subfield>
		<marc:subfield code="b">7/3/18</marc:subfield>
		<marc:subfield code="c">University of Pennsylvania</marc:subfield>
		<marc:subfield code="d">DPL</marc:subfield>
	</marc:datafield>
</marc:record>