<marc:record>
	<marc:leader>01094cam a2200289 a 4500</marc:leader>
	<marc:controlfield tag="005">20141119133943.0</marc:controlfield>
	<marc:controlfield tag="008">870316s1797    ie            00010 eng d</marc:controlfield>
	<marc:controlfield tag="001">99453393503681</marc:controlfield>
	<marc:datafield ind1=" " ind2=" " tag="035">
		<marc:subfield code="a">(OCoLC)ocm24428213</marc:subfield>
	</marc:datafield>
	<marc:datafield ind1=" " ind2=" " tag="035">
		<marc:subfield code="a">(OCoLC)24428213</marc:subfield>
	</marc:datafield>
	<marc:datafield ind1=" " ind2=" " tag="035">
		<marc:subfield code="a">(CStRLIN)PAUG87-B7403</marc:subfield>
	</marc:datafield>
	<marc:datafield ind1=" " ind2=" " tag="035">
		<marc:subfield code="a">(CaOTULAS)185128184</marc:subfield>
	</marc:datafield>
	<marc:datafield ind1=" " ind2=" " tag="035">
		<marc:subfield code="9">AAF2608</marc:subfield>
	</marc:datafield>
	<marc:datafield ind1=" " ind2=" " tag="035">
		<marc:subfield code="a">45339</marc:subfield>
	</marc:datafield>
	<marc:datafield ind1=" " ind2=" " tag="035">
		<marc:subfield code="a">(PU)45339-penndb-Voyager</marc:subfield>
	</marc:datafield>
	<marc:datafield ind1=" " ind2=" " tag="035">
		<marc:subfield code="a">(PennHoldings)57407</marc:subfield>
	</marc:datafield>
	<marc:datafield ind1=" " ind2=" " tag="040">
		<marc:subfield code="a">PU</marc:subfield>
		<marc:subfield code="c">PU</marc:subfield>
	</marc:datafield>
	<marc:datafield ind1=" " ind2=" " tag="090">
		<marc:subfield code="a">PR5202</marc:subfield>
		<marc:subfield code="b">.I8 1797b</marc:subfield>
		<marc:subfield code="i">06/08/87 CT</marc:subfield>
		<marc:subfield code="h">03/16/87 CT</marc:subfield>
	</marc:datafield>
	<marc:datafield ind1="1" ind2="0" tag="100">
		<marc:subfield code="a">Radcliffe, Ann Ward,</marc:subfield>
		<marc:subfield code="d">1764-1823.</marc:subfield>
	</marc:datafield>
	<marc:datafield ind1="1" ind2="4" tag="245">
		<marc:subfield code="a">The Italian, or The confessional of the black penitents :</marc:subfield>
		<marc:subfield code="b">a romance /</marc:subfield>
		<marc:subfield code="c">by Ann Radcliffe ... : in two volumes.</marc:subfield>
	</marc:datafield>
	<marc:datafield ind1=" " ind2=" " tag="246" >
        <marc:subfield code="a">The Italian, or, the confessional of the Black Penitents. A romance. By Ann Radcliffe, author of The mysteries of Udolpho, &amp;c. &amp;c. In two volumes. Vol. I.</marc:subfield>
        <marc:subfield code="d">Letter-press</marc:subfield>
        <marc:subfield code="g">Full</marc:subfield>
        <marc:subfield code="x">Volume</marc:subfield>
        <marc:subfield code="v">v.1</marc:subfield>
    </marc:datafield> 
    <marc:datafield ind1=" " ind2=" " tag="246" >
        <marc:subfield code="a">The Italian, or, the confessional of the Black Penitents. A romance. By Ann Radcliffe, author of The mysteries of Udolpho, &amp;c. &amp;c. In two volumes. Vol. II.</marc:subfield>
        <marc:subfield code="d">Letter-press</marc:subfield>
        <marc:subfield code="g">Full</marc:subfield>
        <marc:subfield code="x">Volume</marc:subfield>
        <marc:subfield code="v">v.2</marc:subfield>
    </marc:datafield> 
	<marc:datafield ind1=" " ind2=" " tag="260">
		<marc:subfield code="a">Dublin</marc:subfield>
		<marc:subfield code="b">Printed for P. Wogan, P. Bryne, J. Exshaw, T. Stewart, J. Milliken, J. Moore, J. Rice, H. Colbert, W. Porter, J. Halpen, J. Boyce, N. Kelly, H. Fitzpatrick, and G. Folingsby.</marc:subfield>
		<marc:subfield code="c">1797</marc:subfield>
		<marc:subfield code="c">1797.</marc:subfield>
	</marc:datafield>
	<marc:datafield ind1=" " ind2=" " tag="300">
		<marc:subfield code="a">2 v. ;</marc:subfield>
		<marc:subfield code="c">18 cm. (12mo)</marc:subfield>
		<marc:subfield code="x">Duodecimo</marc:subfield>
        <marc:subfield code="z">In two volumes</marc:subfield>
	</marc:datafield>
	<marc:datafield ind1="4" ind2=" " tag="510">
		<marc:subfield code="a">ESTC (RLIN)</marc:subfield>
		<marc:subfield code="c">T62061</marc:subfield>
	</marc:datafield>
	<marc:datafield ind1="4" ind2=" " tag="510">
		<marc:subfield code="a">English novel, 1770-1829,</marc:subfield>
		<marc:subfield code="c">1797: 70</marc:subfield>
	</marc:datafield>
	<marc:datafield ind1=" " ind2=" " tag="520" >
        <marc:subfield code="a">Introduction</marc:subfield>
        <marc:subfield code="b">The Italian, or, the Confessional of the Black penitents.</marc:subfield>
        <marc:subfield code="c">Front</marc:subfield>
        <marc:subfield code="v">v.1</marc:subfield>
        <marc:subfield code="x">Transcription of first sentence: "About the year 1764, some English travellers in Italy, during one of their excursions in the environs of Naples, happened to stop before the portico of the Santa Maria del Pianto, a church belonging to a very ancient convent of the order of the Black Penitents."</marc:subfield>     
   	</marc:datafield>
   	<marc:datafield ind1=" " ind2=" " tag="591">
        <marc:subfield code="a">He, wrapt in clouds of mystery and silence, ---Broods o'er his passions, bodies them in the deeds, ---And sends them forth on wings of Fate to others:--- Like the invisible Will, that guides us, ---Unheard, unknown, unsearchable!</marc:subfield>         
        <marc:subfield code="v">v.1</marc:subfield>
        <marc:subfield code="v">v.2</marc:subfield>
    </marc:datafield>
    <marc:datafield ind1=" " ind2=" " tag="592">
        <marc:subfield code="a">Third-person</marc:subfield>
    </marc:datafield>
    <marc:datafield ind1=" " ind2=" " tag="594">
        <marc:subfield code="a">[Illegible]</marc:subfield>
        <marc:subfield code="b">Ink</marc:subfield>
		<marc:subfield code="x">Located on first page of Introduction</marc:subfield>
        <marc:subfield code="v">v.1</marc:subfield>
	</marc:datafield>
	<marc:datafield ind1=" " ind2=" " tag="599">
        <marc:subfield code="a">Author (text)</marc:subfield>
        <marc:subfield code="b">Proper name</marc:subfield>
        <marc:subfield code="2">Ann Radcliffe</marc:subfield>
        <marc:subfield code="3">Title Page</marc:subfield>
        <marc:subfield code="5">Female</marc:subfield>
        <marc:subfield code="6">Female</marc:subfield>
    </marc:datafield> 
    <marc:datafield ind1=" " ind2=" " tag="599">
        <marc:subfield code="a">Author (text)</marc:subfield>
        <marc:subfield code="b">Reference to other works</marc:subfield>
        <marc:subfield code="2">By Ann Radcliffe, author of The Mysteries of Udolpho, &amp;c. &amp;c.</marc:subfield>
        <marc:subfield code="3">Title Page</marc:subfield>
        <marc:subfield code="5">Female</marc:subfield>
        <marc:subfield code="6">Female</marc:subfield>
    </marc:datafield> 
	<marc:datafield ind1=" " ind2="4" tag="650">
		<marc:subfield code="a">CHR 1797</marc:subfield>
	</marc:datafield>
	<marc:datafield ind1="0" ind2="2" tag="740">
		<marc:subfield code="a">Confessional of the black penitents.</marc:subfield>
	</marc:datafield>
	<marc:datafield ind1=" " ind2=" " tag="700">
        <marc:subfield code="a">Radcliffe, Ann</marc:subfield>
        <marc:subfield code="d">1764-1823</marc:subfield>
        <marc:subfield code="4">Author (text)</marc:subfield>
        <marc:subfield code="5">Authorized</marc:subfield>
    </marc:datafield>
    <marc:datafield ind1=" " ind2=" " tag="700">
        <marc:subfield code="a">Wogan, Patrick</marc:subfield>
        <marc:subfield code="4">Printed For</marc:subfield>
        <marc:subfield code="5">Authorized</marc:subfield>
    </marc:datafield> 
    <marc:datafield ind1=" " ind2=" " tag="700">
        <marc:subfield code="a">Bryne, Lars P.</marc:subfield>
        <marc:subfield code="4">Printed For</marc:subfield>
        <marc:subfield code="5">Authorized</marc:subfield>
    </marc:datafield> 
    <marc:datafield ind1=" " ind2=" " tag="700">
        <marc:subfield code="a">Exshaw, J. (John)</marc:subfield>
        <marc:subfield code="d">1750 or 51-1827</marc:subfield>
        <marc:subfield code="4">Printed For</marc:subfield>
        <marc:subfield code="5">Authorized</marc:subfield>
    </marc:datafield>
    <marc:datafield ind1=" " ind2=" " tag="700">
        <marc:subfield code="a">Moore, John</marc:subfield>
        <marc:subfield code="d">1729-1802</marc:subfield>
        <marc:subfield code="4">Printed For</marc:subfield>
        <marc:subfield code="5">Authorized</marc:subfield>
    </marc:datafield>
    <marc:datafield ind1=" " ind2=" " tag="700">
        <marc:subfield code="a">Colbert, H. (Harriot)</marc:subfield>
        <marc:subfield code="d">fl. 1786-1807</marc:subfield>
        <marc:subfield code="4">Printed For</marc:subfield>
        <marc:subfield code="5">Authorized</marc:subfield>
    </marc:datafield>
    <marc:datafield ind1=" " ind2=" " tag="700">
        <marc:subfield code="a">Kelly, Nicholas</marc:subfield>
        <marc:subfield code="d">active 1764-1828</marc:subfield>
        <marc:subfield code="4">Printed For</marc:subfield>
        <marc:subfield code="5">Authorized</marc:subfield>
    </marc:datafield>
    <marc:datafield ind1=" " ind2=" " tag="700">
        <marc:subfield code="a">Fitzpatrick, Hugh</marc:subfield>
        <marc:subfield code="d">-1818</marc:subfield>
        <marc:subfield code="4">Printed For</marc:subfield>
        <marc:subfield code="5">Authorized</marc:subfield>
    </marc:datafield>
    <marc:datafield ind1=" " ind2=" " tag="700">
        <marc:subfield code="a">Folingsby, George</marc:subfield>
        <marc:subfield code="4">Printed For</marc:subfield>
        <marc:subfield code="5">Authorized</marc:subfield>
    </marc:datafield> 
    <marc:datafield ind1=" " ind2=" " tag="700">
        <marc:subfield code="a">T. Stewart</marc:subfield>
        <marc:subfield code="4">Printed For</marc:subfield>
        <marc:subfield code="5">Unauthorized</marc:subfield>
    </marc:datafield> 
    <marc:datafield ind1=" " ind2=" " tag="700">
        <marc:subfield code="a">W. Porter</marc:subfield>
        <marc:subfield code="4">Printed For</marc:subfield>
        <marc:subfield code="5">Unauthorized</marc:subfield>
    </marc:datafield> 
    <marc:datafield ind1=" " ind2=" " tag="700">
        <marc:subfield code="a">Halpen, John</marc:subfield>
        <marc:subfield code="4">Printed For</marc:subfield>
        <marc:subfield code="5">Authorized</marc:subfield>
    </marc:datafield> 
    <marc:datafield ind1=" " ind2=" " tag="700">
        <marc:subfield code="a">Milliken, John</marc:subfield>
        <marc:subfield code="4">Printed For</marc:subfield>
        <marc:subfield code="5">Authorized</marc:subfield>
    </marc:datafield> 
    <marc:datafield ind1=" " ind2=" " tag="700">
        <marc:subfield code="a">J. Rice</marc:subfield>
        <marc:subfield code="4">Printed For</marc:subfield>
        <marc:subfield code="5">Unauthorized</marc:subfield>
    </marc:datafield> 
    <marc:datafield ind1=" " ind2=" " tag="700">
        <marc:subfield code="a">J. Boyce</marc:subfield>
        <marc:subfield code="4">Printed For</marc:subfield>
        <marc:subfield code="5">Unauthorized</marc:subfield>
    </marc:datafield>
	<marc:datafield ind1="2" ind2=" " tag="710">
        <marc:subfield code="a">Early Novels</marc:subfield>
        <marc:subfield code="5">University of Pennsylvania</marc:subfield>
    </marc:datafield>
	<marc:datafield ind1="2" ind2=" " tag="710">
		<marc:subfield code="a">Collection of British and American Fiction, 1660-1830 (University of Pennsylvania)</marc:subfield>
		<marc:subfield code="5">PU</marc:subfield>
	</marc:datafield>
	<marc:datafield ind1=" " ind2=" " tag="950">
		<marc:subfield code="l">RBC</marc:subfield>
		<marc:subfield code="e">\\Singer-\Menden-\hall\</marc:subfield>
		<marc:subfield code="v">2 v.</marc:subfield>
		<marc:subfield code="i">06/08/87 RL</marc:subfield>
		<marc:subfield code="h">03/16/87 C</marc:subfield>
	</marc:datafield>
	<marc:datafield ind1=" " ind2=" " tag="955">
		<marc:subfield code="l">RBC</marc:subfield>
		<marc:subfield code="c">1:(v.1-2)</marc:subfield>
		<marc:subfield code="q">726491-91a</marc:subfield>
		<marc:subfield code="s">Singer Mem.</marc:subfield>
		<marc:subfield code="h">03/16/87 C</marc:subfield>
	</marc:datafield>
	<marc:datafield ind1=" " ind2=" " tag="989"> 
        <marc:subfield code="1">The Mysteries of Udolpho</marc:subfield>
        <marc:subfield code="2">Italian</marc:subfield>
        <marc:subfield code="2">Penitent</marc:subfield>
        <marc:subfield code="2">Romance</marc:subfield>
        <marc:subfield code="2">Author</marc:subfield>
        <marc:subfield code="2">Confessional</marc:subfield>
        <marc:subfield code="3">Black</marc:subfield>
        <marc:subfield code="3">Two</marc:subfield>
        <marc:subfield code="5">Ann Radcliffe</marc:subfield>
    </marc:datafield>
    <marc:datafield ind1=" " ind2=" " tag="999">
		<marc:subfield code="a">IC</marc:subfield>
		<marc:subfield code="b">7/16/18</marc:subfield>
		<marc:subfield code="c">University of Pennsylvania</marc:subfield>
		<marc:subfield code="d">DPL</marc:subfield>
	</marc:datafield>
</marc:record>