
<marc:record>
	<marc:leader>00957cam a2200289   4500</marc:leader>
	<marc:controlfield tag="005">20141201150103.0</marc:controlfield>
	<marc:controlfield tag="008">880421s1796    enk           00001 eng d</marc:controlfield>
	<marc:controlfield tag="001">995790783503681</marc:controlfield>
	<marc:datafield ind1=" " ind2=" " tag="035">
		<marc:subfield code="a">(OCoLC)ocm11575202</marc:subfield>
	</marc:datafield>
	<marc:datafield ind1=" " ind2=" " tag="035">
		<marc:subfield code="a">(OCoLC)11575202</marc:subfield>
	</marc:datafield>
	<marc:datafield ind1=" " ind2=" " tag="035">
		<marc:subfield code="a">(CStRLIN)PAUG88-B17190</marc:subfield>
	</marc:datafield>
	<marc:datafield ind1=" " ind2=" " tag="035">
		<marc:subfield code="a">(CaOTULAS)185079864</marc:subfield>
	</marc:datafield>
	<marc:datafield ind1=" " ind2=" " tag="035">
		<marc:subfield code="9">ACW9294</marc:subfield>
	</marc:datafield>
	<marc:datafield ind1=" " ind2=" " tag="035">
		<marc:subfield code="a">579078</marc:subfield>
	</marc:datafield>
	<marc:datafield ind1=" " ind2=" " tag="035">
		<marc:subfield code="a">(PU)579078-penndb-Voyager</marc:subfield>
	</marc:datafield>
	<marc:datafield ind1=" " ind2=" " tag="035">
		<marc:subfield code="a">(PennHoldings)675998</marc:subfield>
	</marc:datafield>
	<marc:datafield ind1=" " ind2=" " tag="040">
		<marc:subfield code="a">PU</marc:subfield>
		<marc:subfield code="c">PU</marc:subfield>
	</marc:datafield>
	<marc:datafield ind1=" " ind2=" " tag="090">
		<marc:subfield code="a">PR3291.A1</marc:subfield>
		<marc:subfield code="b">W65 1796</marc:subfield>
		<marc:subfield code="i">04/21/88 CT</marc:subfield>
	</marc:datafield>
	<marc:datafield ind1="0" ind2="0" tag="245">
		<marc:subfield code="a">Woodland cottage;</marc:subfield>
		<marc:subfield code="b">a novel.</marc:subfield>
	</marc:datafield>
	<marc:datafield ind1=" " ind2=" " tag="246" >
        <marc:subfield code="a">Woodland cottage. A novel. In two volumes. Vol. I.</marc:subfield>
        <marc:subfield code="d">Letter-press</marc:subfield>
        <marc:subfield code="g">Full</marc:subfield>
        <marc:subfield code="x">Volume</marc:subfield>
        <marc:subfield code="v">v.1</marc:subfield>
    </marc:datafield>
    <marc:datafield ind1=" " ind2=" " tag="246" >
        <marc:subfield code="a">Woodland cottage. A novel. In two volumes. Vol. II.</marc:subfield>
        <marc:subfield code="d">Letter-press</marc:subfield>
        <marc:subfield code="g">Full</marc:subfield>
        <marc:subfield code="x">Volume</marc:subfield>
        <marc:subfield code="v">v.2</marc:subfield>
    </marc:datafield>
    <marc:datafield ind1=" " ind2="7" tag="246" >
        <marc:subfield code="a">Woodland cottage.</marc:subfield>
        <marc:subfield code="v">v.1</marc:subfield>
        <marc:subfield code="v">v.2</marc:subfield>
    </marc:datafield>
    <marc:datafield ind1="0" ind2="7" tag="246" >
        <marc:subfield code="a">Woodland Cottage. (verso)</marc:subfield>
        <marc:subfield code="a">Woodland Cottage. (recto)</marc:subfield>
        <marc:subfield code="v">v.1</marc:subfield>
        <marc:subfield code="v">v.2</marc:subfield>
    </marc:datafield>
	<marc:datafield ind1=" " ind2=" " tag="260">
		<marc:subfield code="a">London</marc:subfield>
		<marc:subfield code="b">Printed For Hookham and Carpenter, Old Bond Street.</marc:subfield>
		<marc:subfield code="c">1796</marc:subfield>
		<marc:subfield code="c">1796.</marc:subfield>
	</marc:datafield>
	<marc:datafield ind1=" " ind2=" " tag="300">
		<marc:subfield code="a">2 v. ;</marc:subfield>
		<marc:subfield code="c">18 cm.</marc:subfield>
		<marc:subfield code="x">Duodecimo</marc:subfield>
		<marc:subfield code="z">In two volumes</marc:subfield>
	</marc:datafield>
	<marc:datafield ind1=" " ind2=" " tag="500">
		<marc:subfield code="a">"Names of the subscribers": v. 1, p. [x]-xx.</marc:subfield>
	</marc:datafield>
	<marc:datafield ind1="4" ind2=" " tag="510">
		<marc:subfield code="a">ESTC (RLIN)</marc:subfield>
		<marc:subfield code="c">T66920</marc:subfield>
	</marc:datafield>
	<marc:datafield ind1=" " ind2=" " tag="520" >
        <marc:subfield code="a">Dedication</marc:subfield>
        <marc:subfield code="b">To The Right Honorable Lady Elizath Drummond</marc:subfield>
        <marc:subfield code="c">Front</marc:subfield>
        <marc:subfield code="v">v.1</marc:subfield>
        <marc:subfield code="x">Transcription of first sentence: "Madam, permit me to return your Ladyship my sincere acknowledgements, for the generous protection you have condescended to grant the Author of Woodland Cottage; who, encouraged by your Ladyship's goodness, and honoured with your patronage, has conquered the natural diffidence and apprehension she felt, at the very idea of so bold an undertaking, as writing for the public; and has ventured to adopt the means, you so kindly pointed out, of endeavouring to extricate her family from the pecuniary distress arising from unavoidable, and she hopes the may add, unmerited misfortunes."; Signed: "Madam, your Ladyship's most obedient, most obliged, and most humble servant, The Author."</marc:subfield>     
   	</marc:datafield>
	<marc:datafield ind1=" " ind2=" " tag="590">
		<marc:subfield code="a">Bound in 1 vol.</marc:subfield>
	</marc:datafield>
	<marc:datafield ind1=" " ind2=" " tag="591">
        <marc:subfield code="a">As the wakeful bird,--- Sings darkling, and, in shadiest covert hid,--- Tunes her noctural note.</marc:subfield>
        <marc:subfield code="2">Milton</marc:subfield>
        <marc:subfield code="b">Paradise Lost</marc:subfield>            
        <marc:subfield code="c">John Milton</marc:subfield>            
        <marc:subfield code="v">v.1</marc:subfield>
        <marc:subfield code="v">v.2</marc:subfield>
    </marc:datafield>
     <marc:datafield ind1=" " ind2=" " tag="592">
        <marc:subfield code="a">Third-person</marc:subfield>
    </marc:datafield>
	<marc:datafield ind1=" " ind2=" " tag="593">
        <marc:subfield code="a">His Grace the Duke of Athol, Her Grace the Duchess of Athol, The Earl of Ashburnham, The Rt. Hon. Lady Eliz. Ashburnham, The Right Hon. Lord Arden, The Rt. Hon. Lady Charles Aynsley, Mrs. Arnold, Mrs. Anderson, Miss Frances Ashburnham, Captain Andrews, Captain Attle, Mrs: Affleck, - Antrobus, Esq.</marc:subfield>
        <marc:subfield code="x">The list is long, only first page recorded. Heading: "Names of the Subscribers." Located at front.</marc:subfield>
    </marc:datafield>
    <marc:datafield ind1=" " ind2=" " tag="599">
        <marc:subfield code="a">Author (text)</marc:subfield>
        <marc:subfield code="b">Generic/Descriptive</marc:subfield>
        <marc:subfield code="2">Madam, your Ladyship's most obedient, most obliged, and most humble servant, The Author.</marc:subfield>
        <marc:subfield code="3">Dedication</marc:subfield>
        <marc:subfield code="5">Indeterminate</marc:subfield>
        <marc:subfield code="v">v.1</marc:subfield>
    </marc:datafield> 
	<marc:datafield ind1=" " ind2="7" tag="655">
		<marc:subfield code="a">Subscribers' lists</marc:subfield>
		<marc:subfield code="z">England</marc:subfield>
		<marc:subfield code="y">18th century.</marc:subfield>
		<marc:subfield code="2">rbgenr</marc:subfield>
	</marc:datafield>
	<marc:datafield ind1=" " ind2="4" tag="650">
		<marc:subfield code="a">CHR 1796</marc:subfield>
	</marc:datafield>
	<marc:datafield ind1=" " ind2=" " tag="700">
        <marc:subfield code="a">Hookham, Thomas</marc:subfield>
        <marc:subfield code="d">1739?-1819</marc:subfield>
        <marc:subfield code="4">Printed For</marc:subfield>
        <marc:subfield code="5">Authorized</marc:subfield>
    </marc:datafield>
    <marc:datafield ind1=" " ind2=" " tag="700">
        <marc:subfield code="a">Carpenter, James</marc:subfield>
		<marc:subfield code="d">17..-18..</marc:subfield>
        <marc:subfield code="4">Printed for</marc:subfield>
        <marc:subfield code="5">Authorized</marc:subfield>
    </marc:datafield>
    <marc:datafield ind1=" " ind2=" " tag="700">
        <marc:subfield code="a">Elizabeth Drummond</marc:subfield>
        <marc:subfield code="4">Dedicatee</marc:subfield>
        <marc:subfield code="5">Unauthorized</marc:subfield>
    </marc:datafield>
	<marc:datafield ind1=" " ind2=" " tag="700">
		<marc:subfield code="a">Milton, John</marc:subfield>
		<marc:subfield code="d">1608-1674</marc:subfield>
		<marc:subfield code="4">Author (epigraph)</marc:subfield>
		<marc:subfield code="5">Authorized</marc:subfield>
	</marc:datafield>
	<marc:datafield ind1=" " ind2=" " tag="710">
        <marc:subfield code="a">Hookham and Carpenter</marc:subfield>
        <marc:subfield code="4">Printed for</marc:subfield>
        <marc:subfield code="5">Authorized</marc:subfield>
    </marc:datafield> 
	<marc:datafield ind1="2" ind2=" " tag="710">
        <marc:subfield code="a">Early Novels</marc:subfield>
        <marc:subfield code="5">University of Pennsylvania</marc:subfield>
    </marc:datafield>
	<marc:datafield ind1="2" ind2=" " tag="710">
		<marc:subfield code="a">Collection of British and American Fiction, 1660-1830 (University of Pennsylvania)</marc:subfield>
		<marc:subfield code="5">PU</marc:subfield>
	</marc:datafield>
	<marc:datafield ind1=" " ind2=" " tag="950">
		<marc:subfield code="l">RBC</marc:subfield>
		<marc:subfield code="e">\\Singer-\Menden-\hall\</marc:subfield>
		<marc:subfield code="v">v.1-2</marc:subfield>
		<marc:subfield code="i">04/21/88 C</marc:subfield>
	</marc:datafield>
	<marc:datafield ind1=" " ind2=" " tag="955">
		<marc:subfield code="l">RBC</marc:subfield>
		<marc:subfield code="c">1:(v.1-2)</marc:subfield>
		<marc:subfield code="q">57-104</marc:subfield>
		<marc:subfield code="i">04/21/88 C</marc:subfield>
	</marc:datafield>
	<marc:datafield ind1=" " ind2=" " tag="989"> 
        <marc:subfield code="2">Novel</marc:subfield>
		<marc:subfield code="2">Woodland</marc:subfield>
		<marc:subfield code="2">Cottage</marc:subfield>
		<marc:subfield code="2">Volume</marc:subfield>
        <marc:subfield code="3">Two</marc:subfield>
    </marc:datafield>
    <marc:datafield ind1=" " ind2=" " tag="999">
		<marc:subfield code="a">IC</marc:subfield>
		<marc:subfield code="b">7/6/18</marc:subfield>
		<marc:subfield code="c">University of Pennsylvania</marc:subfield>
		<marc:subfield code="d">SH</marc:subfield>
	</marc:datafield>
</marc:record>