
<marc:record>
	<marc:leader>01445cam a2200313 a 4500</marc:leader>
	<marc:controlfield tag="005">20141119143933.0</marc:controlfield>
	<marc:controlfield tag="008">870316s1797    deu           00010 eng d</marc:controlfield>
	<marc:controlfield tag="001">99596043503681</marc:controlfield>
	<marc:datafield ind1=" " ind2=" " tag="035">
		<marc:subfield code="a">(OCoLC)ocn185063526</marc:subfield>
	</marc:datafield>
	<marc:datafield ind1=" " ind2=" " tag="035">
		<marc:subfield code="a">(OCoLC)185063526</marc:subfield>
	</marc:datafield>
	<marc:datafield ind1=" " ind2=" " tag="035">
		<marc:subfield code="a">(CStRLIN)PAUG87-B7384</marc:subfield>
	</marc:datafield>
	<marc:datafield ind1=" " ind2=" " tag="035">
		<marc:subfield code="a">(CaOTULAS)185128083</marc:subfield>
	</marc:datafield>
	<marc:datafield ind1=" " ind2=" " tag="035">
		<marc:subfield code="9">AAG8288</marc:subfield>
	</marc:datafield>
	<marc:datafield ind1=" " ind2=" " tag="035">
		<marc:subfield code="a">59604</marc:subfield>
	</marc:datafield>
	<marc:datafield ind1=" " ind2=" " tag="035">
		<marc:subfield code="a">(PU)59604-penndb-Voyager</marc:subfield>
	</marc:datafield>
	<marc:datafield ind1=" " ind2=" " tag="035">
		<marc:subfield code="a">(PennHoldings)75189</marc:subfield>
	</marc:datafield>
	<marc:datafield ind1=" " ind2=" " tag="040">
		<marc:subfield code="a">PU</marc:subfield>
		<marc:subfield code="c">PU</marc:subfield>
	</marc:datafield>
	<marc:datafield ind1=" " ind2=" " tag="090">
		<marc:subfield code="a">BV4515</marc:subfield>
		<marc:subfield code="b">.K4 1797</marc:subfield>
		<marc:subfield code="i">03/16/87 CT</marc:subfield>
	</marc:datafield>
	<marc:datafield ind1="1" ind2=" " tag="100">
		<marc:subfield code="a">Keach, Benjamin,</marc:subfield>
		<marc:subfield code="d">1640-1704.</marc:subfield>
	</marc:datafield>
	<marc:datafield ind1="1" ind2="4" tag="245">
		<marc:subfield code="a">The travels of true Godliness :</marc:subfield>
		<marc:subfield code="b">from the beginning of the world to this present day, in an apt and pleasant allegory, shewing what true Godliness is, also the troubles, oppositions, reproaches, and persecution He hath met with in every age : together with the danger and sad declining state He is in at this present time by errors, heresies, and ungodliness, or open profaneness /</marc:subfield>
		<marc:subfield code="c">by Benjamin Keach ...</marc:subfield>
	</marc:datafield>

	<marc:datafield ind1=" " ind2=" " tag="246">
		<marc:subfield code="a">The travels of true godliness, from the beginning of the world, to this present day. In an apt and pleasant allegory. Shewing what true godliness is: Also, the troubles, oppositions, reproaches, and persecution he hath met with in every age. Together with the danger and sad declining state he is in at this present time, by errors, heresies, and ungodliness, or open profaneness. By Benjamin Kreach, Author of a book, called, War with the Devil; and Sion in Distress.</marc:subfield>
		<marc:subfield code="d">Letter-press</marc:subfield>
		<marc:subfield code="g">Full</marc:subfield>
		<marc:subfield code="x">Work</marc:subfield>
	</marc:datafield>
	<marc:datafield ind1="0" ind2="7" tag="246">
		<marc:subfield code="a">The travels of true godliness.</marc:subfield>
	</marc:datafield>
	<marc:datafield ind1="0" ind2="7" tag="246">
		<marc:subfield code="a">The travels of (verso)</marc:subfield>
		<marc:subfield code="a">true godliness (recto)</marc:subfield>
	</marc:datafield>

	<marc:datafield ind1=" " ind2=" " tag="260">
		<marc:subfield code="a">Wilmington [Del.]</marc:subfield>
		<marc:subfield code="b">Printed by Peter Brynberg for John Boggs, Minister of the Gospel.</marc:subfield>
		<marc:subfield code="c">1797</marc:subfield>
		<marc:subfield code="c">1797.</marc:subfield>
	</marc:datafield>

	<marc:datafield ind1=" " ind2=" " tag="261">
		<marc:subfield code="b">Printed by Peter Brynberg.</marc:subfield>
		<marc:subfield code="f">Peter Brynberg</marc:subfield>
	</marc:datafield>

	<marc:datafield ind1=" " ind2=" " tag="300">
		<marc:subfield code="a">iv, [1], 6-234 p. ;</marc:subfield>
		<marc:subfield code="c">14 cm. (12mo)</marc:subfield>
		<marc:subfield code="x">Duodecimo</marc:subfield>
	</marc:datafield>

	<marc:datafield ind1=" " ind2=" " tag="500">
		<marc:subfield code="a">Bookplate on front pastedown endpaper: "Leary, Bookseller, 5th and Walnut, Philada."</marc:subfield>
	</marc:datafield>

	<marc:datafield ind1="4" ind2=" " tag="510">
		<marc:subfield code="a">ESTC</marc:subfield>
		<marc:subfield code="c">W28347</marc:subfield>
	</marc:datafield>
	<marc:datafield ind1="4" ind2=" " tag="510">
		<marc:subfield code="a">Evans</marc:subfield>
		<marc:subfield code="c">32327</marc:subfield>
	</marc:datafield>

	<marc:datafield ind1=" " ind2=" " tag="520">
		<marc:subfield code="a">To the Reader</marc:subfield>
		<marc:subfield code="b">The epistle to the reader.</marc:subfield>
		<marc:subfield code="c">Front</marc:subfield>
		<marc:subfield code="x">Begins: "In this tract is shewed the many snares and temptations that attend both riches and porverty, youth and old age; together with the chief reasons why most people of all ranks and qualities are so great strangers and enemies to True Godliness." Signed: "Benjamin Kreach. Horsey-Down, Fair-street, May 31st, 1700."</marc:subfield>
	</marc:datafield>
	<marc:datafield ind1=" " ind2=" " tag="520">
		<marc:subfield code="a">Footnotes</marc:subfield>
		<marc:subfield code="c">Middle</marc:subfield>
		<marc:subfield code="x">Located on p. 7, 11, 13, 15, 24, 31, 110, 118, 157.</marc:subfield>
	</marc:datafield>
	<marc:datafield ind1=" " ind2=" " tag="520">
		<marc:subfield code="a">Poem</marc:subfield>
		<marc:subfield code="b">A sweet hymn of praise.</marc:subfield>
		<marc:subfield code="c">Back</marc:subfield>
		<marc:subfield code="x">First sentence: "True Godliness is come to me, ---And with him also, lo! I see ---His glorious train, who will attend ---My precious soul unto the end."</marc:subfield>
	</marc:datafield>

	<marc:datafield ind1=" " ind2=" " tag="592">
		<marc:subfield code="a">Third-person</marc:subfield>
		<marc:subfield code="b">Dramatic dialogue</marc:subfield>
	</marc:datafield>

	<marc:datafield ind1=" " ind2=" " tag="595">
		<marc:subfield code="a">Ink</marc:subfield>
		<marc:subfield code="b">Numbers</marc:subfield>
		<marc:subfield code="x">Reads: "$10.55". Other marginalia covered by UPenn bookplate, unreadable.</marc:subfield>
	</marc:datafield>

	<marc:datafield ind1=" " ind2=" " tag="599">
		<marc:subfield code="a">Author (text)</marc:subfield>
		<marc:subfield code="b">Proper name</marc:subfield>
		<marc:subfield code="2">By Benjamin Keach, Author of a book, called War with the Devil, and Sion in Distress.</marc:subfield>
		<marc:subfield code="3">Title Page</marc:subfield>
		<marc:subfield code="5">Male</marc:subfield>
		<marc:subfield code="6">Male</marc:subfield>
	</marc:datafield>
	<marc:datafield ind1=" " ind2=" " tag="599">
		<marc:subfield code="a">Author (text)</marc:subfield>
		<marc:subfield code="b">Reference to other texts</marc:subfield>
		<marc:subfield code="2">By Benjamin Keach, Author of a book, called War with the Devil, and Sion in Distress.</marc:subfield>
		<marc:subfield code="3">Title Page</marc:subfield>
		<marc:subfield code="5">Male</marc:subfield>
		<marc:subfield code="6">Male</marc:subfield>
	</marc:datafield>
	<marc:datafield ind1=" " ind2=" " tag="599">
		<marc:subfield code="a">Author (paratext)</marc:subfield>
		<marc:subfield code="b">Proper name</marc:subfield>
		<marc:subfield code="2">Benjamin Keach</marc:subfield>
		<marc:subfield code="3">To the Reader</marc:subfield>
		<marc:subfield code="5">Male</marc:subfield>
		<marc:subfield code="6">Male</marc:subfield>
	</marc:datafield>

	<marc:datafield ind1=" " ind2="4" tag="650">
		<marc:subfield code="a">CHR 1797</marc:subfield>
	</marc:datafield>
	<marc:datafield ind1=" " ind2="4" tag="650">
		<marc:subfield code="a">PRO Leary, bookseller, Phila. (label)</marc:subfield>
	</marc:datafield>
	<marc:datafield ind1=" " ind2="4" tag="650">
		<marc:subfield code="a">PRO Burr, Charles W. (Charles Walts), 1861- (donor)</marc:subfield>
	</marc:datafield>

	<marc:datafield ind1=" " ind2=" " tag="700">
		<marc:subfield code="a">Keach, Benjamin</marc:subfield>
		<marc:subfield code="d">1640-1704</marc:subfield>
		<marc:subfield code="4">Author (text)</marc:subfield>
		<marc:subfield code="4">Author (paratext)</marc:subfield>
		<marc:subfield code="5">Authorized</marc:subfield>
	</marc:datafield>
	<marc:datafield ind1=" " ind2=" " tag="700">
		<marc:subfield code="a">Brynberg, Peter</marc:subfield>
		<marc:subfield code="d">1755?-1816</marc:subfield>
		<marc:subfield code="4">Printed by</marc:subfield>
		<marc:subfield code="5">Authorized</marc:subfield>
	</marc:datafield>
	<marc:datafield ind1=" " ind2=" " tag="700">
		<marc:subfield code="a">Boggs, John</marc:subfield>
		<marc:subfield code="d">1741-1802</marc:subfield>
		<marc:subfield code="4">Printed for</marc:subfield>
		<marc:subfield code="5">Authorized</marc:subfield>
	</marc:datafield>

	<marc:datafield ind1=" " ind2=" " tag="710">
		<marc:subfield code="a">Leary's book store</marc:subfield>
		<marc:subfield code="4">Author (bookplate)</marc:subfield>
		<marc:subfield code="5">Unauthorized</marc:subfield>
	</marc:datafield>
	<marc:datafield ind1="2" ind2=" " tag="710">
		<marc:subfield code="a">Collection of British and American Fiction, 1660-1830 (University of Pennsylvania)</marc:subfield>
		<marc:subfield code="5">PU</marc:subfield>
	</marc:datafield>
	<marc:datafield ind1="2" ind2=" " tag="710">
		<marc:subfield code="a">Early Novels</marc:subfield>
		<marc:subfield code="5">University of Pennsylvania</marc:subfield>
	</marc:datafield>
	<marc:datafield ind1=" " ind2=" " tag="752">
		<marc:subfield code="a">United States</marc:subfield>
		<marc:subfield code="b">Delaware</marc:subfield>
		<marc:subfield code="d">Wilmington.</marc:subfield>
	</marc:datafield>
	<marc:datafield ind1=" " ind2=" " tag="950">
		<marc:subfield code="l">RBC</marc:subfield>
		<marc:subfield code="i">03/16/87 C</marc:subfield>
	</marc:datafield>
	<marc:datafield ind1=" " ind2=" " tag="955">
		<marc:subfield code="l">RBC</marc:subfield>
		<marc:subfield code="c">1</marc:subfield>
		<marc:subfield code="q">644590</marc:subfield>
		<marc:subfield code="s">g. Chas. W. Burr</marc:subfield>
		<marc:subfield code="i">03/16/87 C</marc:subfield>
	</marc:datafield>
	
	<marc:datafield ind1=" " ind2=" " tag="989">
		<marc:subfield code="2">Travel</marc:subfield>
		<marc:subfield code="3">True</marc:subfield>
		<marc:subfield code="2">Godliness</marc:subfield>
		<marc:subfield code="2">Beginning</marc:subfield>
		<marc:subfield code="2">World</marc:subfield>
		<marc:subfield code="3">Present</marc:subfield>
		<marc:subfield code="2">Day</marc:subfield>
		<marc:subfield code="3">Apt</marc:subfield>
		<marc:subfield code="3">Pleasant</marc:subfield>
		<marc:subfield code="2">Allegory</marc:subfield>
		<marc:subfield code="6">Shew</marc:subfield>
		<marc:subfield code="6">Be</marc:subfield>
		<marc:subfield code="2">Trouble</marc:subfield>
		<marc:subfield code="2">Opposition</marc:subfield>
		<marc:subfield code="2">Reproach</marc:subfield>
		<marc:subfield code="2">Persecution</marc:subfield>
		<marc:subfield code="6">Have</marc:subfield>
		<marc:subfield code="6">Meet</marc:subfield>
		<marc:subfield code="3">Every</marc:subfield>
		<marc:subfield code="2">Age</marc:subfield>
		<marc:subfield code="2">Danger</marc:subfield>
		<marc:subfield code="3">Sad</marc:subfield>
		<marc:subfield code="3">Declining</marc:subfield>
		<marc:subfield code="2">State</marc:subfield>
		<marc:subfield code="2">Time</marc:subfield>
		<marc:subfield code="2">Error</marc:subfield>
		<marc:subfield code="2">Heresy</marc:subfield>
		<marc:subfield code="2">Ungodliness</marc:subfield>
		<marc:subfield code="3">Open</marc:subfield>
		<marc:subfield code="2">Profaneness</marc:subfield>
		<marc:subfield code="5">Benjamin Keach</marc:subfield>
		<marc:subfield code="2">Author</marc:subfield>
		<marc:subfield code="2">Book</marc:subfield>
		<marc:subfield code="6">Call</marc:subfield>
		<marc:subfield code="1">War with the devil</marc:subfield>
		<marc:subfield code="1">Sion in distress</marc:subfield>
	</marc:datafield>
	
	<marc:datafield ind1=" " ind2=" " tag="999">
		<marc:subfield code="a">SH</marc:subfield>
		<marc:subfield code="b">Swarthmore College</marc:subfield>
		<marc:subfield code="c">7/10/18</marc:subfield>
		<marc:subfield code="d">IC</marc:subfield>
	</marc:datafield>
</marc:record>