<marc:record>
	<marc:leader>01196cam a2200337 a 4500</marc:leader>
	<marc:controlfield tag="005">20141119143935.0</marc:controlfield>
	<marc:controlfield tag="008">870316s1797    enk           00000 eng d</marc:controlfield>
	<marc:controlfield tag="001">99596173503681</marc:controlfield>
	<marc:datafield ind1=" " ind2=" " tag="035">
		<marc:subfield code="a">(OCoLC)ocm42866478</marc:subfield>
	</marc:datafield>
	<marc:datafield ind1=" " ind2=" " tag="035">
		<marc:subfield code="a">(OCoLC)42866478</marc:subfield>
	</marc:datafield>
	<marc:datafield ind1=" " ind2=" " tag="035">
		<marc:subfield code="a">(CStRLIN)PAUG87-B7399</marc:subfield>
	</marc:datafield>
	<marc:datafield ind1=" " ind2=" " tag="035">
		<marc:subfield code="a">(CaOTULAS)185128154</marc:subfield>
	</marc:datafield>
	<marc:datafield ind1=" " ind2=" " tag="035">
		<marc:subfield code="9">AAG8302</marc:subfield>
	</marc:datafield>
	<marc:datafield ind1=" " ind2=" " tag="035">
		<marc:subfield code="a">59617</marc:subfield>
	</marc:datafield>
	<marc:datafield ind1=" " ind2=" " tag="035">
		<marc:subfield code="a">(PU)59617-penndb-Voyager</marc:subfield>
	</marc:datafield>
	<marc:datafield ind1=" " ind2=" " tag="035">
		<marc:subfield code="a">(PennHoldings)75203</marc:subfield>
	</marc:datafield>
	<marc:datafield ind1=" " ind2=" " tag="040">
		<marc:subfield code="a">PU</marc:subfield>
		<marc:subfield code="c">PU</marc:subfield>
	</marc:datafield>
	<marc:datafield ind1=" " ind2=" " tag="090">
		<marc:subfield code="a">PR3991.A1</marc:subfield>
		<marc:subfield code="b">P7 1797</marc:subfield>
		<marc:subfield code="i">03/16/87 CT</marc:subfield>
	</marc:datafield>
	<marc:datafield ind1="0" ind2="4" tag="245">
		<marc:subfield code="a">The Posthumous daughter :</marc:subfield>
		<marc:subfield code="b">a novel, in two volumes.</marc:subfield>
	</marc:datafield>

	<marc:datafield ind1=" " ind2=" " tag="246">
		<marc:subfield code="a">The posthumous daughter: a novel. In two volumes. Vol. I.</marc:subfield>
		<marc:subfield code="d">Letter-press</marc:subfield>
		<marc:subfield code="g">Full</marc:subfield>
		<marc:subfield code="x">Volume</marc:subfield>
		<marc:subfield code="v">v.1</marc:subfield>
	</marc:datafield>
	<marc:datafield ind1=" " ind2=" " tag="246">
		<marc:subfield code="a">The poshumous daughter: a novel. In two volumes. Vol. II.</marc:subfield>
		<marc:subfield code="d">Letter-press</marc:subfield>
		<marc:subfield code="g">Full</marc:subfield>
		<marc:subfield code="x">Volume</marc:subfield>
		<marc:subfield code="v">v.2</marc:subfield>
	</marc:datafield>

	<marc:datafield ind1="0" ind2="7" tag="246">
		<marc:subfield code="a">The posthumous daughter.</marc:subfield>
		<marc:subfield code="v">v.1</marc:subfield>
		<marc:subfield code="v">v.2</marc:subfield>
	</marc:datafield>
	<marc:datafield ind1="0" ind2="7" tag="246">
		<marc:subfield code="a">The posthumous daughter. (verso)</marc:subfield>
		<marc:subfield code="a">The posthumous daughter. (recto)</marc:subfield>
		<marc:subfield code="v">v.1</marc:subfield>
		<marc:subfield code="v">v.2</marc:subfield>
	</marc:datafield>
	<marc:datafield ind1=" " ind2=" " tag="260">
		<marc:subfield code="a">London</marc:subfield>
		<marc:subfield code="b">Printed and published by G. Cawthorn, British library, 132, Strand.</marc:subfield>
		<marc:subfield code="c">1797.</marc:subfield>
		<marc:subfield code="c">1797</marc:subfield>
	</marc:datafield>
	<marc:datafield ind1=" " ind2=" " tag="300">
		<marc:subfield code="a">2 v. ;</marc:subfield>
		<marc:subfield code="c">18 cm. (12mo)</marc:subfield>
		<marc:subfield code="x">Duodecimo</marc:subfield>
		<marc:subfield code="z">In two volumes.</marc:subfield>
	</marc:datafield>
	<marc:datafield ind1=" " ind2=" " tag="500">
		<marc:subfield code="a">An epistolary novel.</marc:subfield>
	</marc:datafield>
	<marc:datafield ind1="4" ind2=" " tag="510">
		<marc:subfield code="a">ESTC (RLIN)</marc:subfield>
		<marc:subfield code="c">T107267</marc:subfield>
	</marc:datafield>
	<marc:datafield ind1="4" ind2=" " tag="510">
		<marc:subfield code="a">English novel, 1770-1829,</marc:subfield>
		<marc:subfield code="c">1797:20</marc:subfield>
	</marc:datafield>
	<marc:datafield ind1="4" ind2=" " tag="510">
		<marc:subfield code="a">Black, F.G.  Epistolary novel</marc:subfield>
		<marc:subfield code="c">275</marc:subfield>
	</marc:datafield>
	<marc:datafield ind1=" " ind2=" " tag="520">
		<marc:subfield code="a">Dedication</marc:subfield>
		<marc:subfield code="b">Dedication. To the most beautiful and amiable woman in the kingdom.</marc:subfield>
		<marc:subfield code="c">Front</marc:subfield>
		<marc:subfield code="v">v.1</marc:subfield>
		<marc:subfield code="x">Begins: "Indeed, Madam, you are the very identical person this dedication was designed for; there is no mistake whatever, believe me, which, as your diffidence equals your beauty, I see is almost your persuasion." Signed: "Too happy shall I be, if enabled, in a second address, to assure you, that I remain most sincerely your friend, The compiler." Dated: "Nov. 1797"</marc:subfield>
	</marc:datafield>
	<marc:datafield ind1=" " ind2=" " tag="520">
		<marc:subfield code="a">Table of contents</marc:subfield>
		<marc:subfield code="b">Contents of the second volume.</marc:subfield>
		<marc:subfield code="c">Front</marc:subfield>
		<marc:subfield code="v">v.1</marc:subfield>
		<marc:subfield code="x">Misprint, v.2 contents bound in v.1</marc:subfield>
	</marc:datafield>
	<marc:datafield ind1=" " ind2=" " tag="520">
		<marc:subfield code="a">Table of contents</marc:subfield>
		<marc:subfield code="b">Contents of the second volume.</marc:subfield>
		<marc:subfield code="c">Front</marc:subfield>
		<marc:subfield code="v">v.2</marc:subfield>
	</marc:datafield>
	<marc:datafield ind1=" " ind2=" " tag="592">
		<marc:subfield code="a">Epistolary</marc:subfield>
	</marc:datafield>
	<marc:datafield ind1=" " ind2=" " tag="594">
		<marc:subfield code="a">[Nk Carol?]</marc:subfield>
		<marc:subfield code="b">Ink</marc:subfield>
		<marc:subfield code="x">Located on front pastedown endpaper.</marc:subfield>
		<marc:subfield code="v">v.1</marc:subfield>
	</marc:datafield>
	<marc:datafield ind1=" " ind2=" " tag="594">
		<marc:subfield code="a">Eliz. Carr</marc:subfield>
		<marc:subfield code="b">Ink</marc:subfield>
		<marc:subfield code="x">Located on title page.</marc:subfield>
		<marc:subfield code="v">v.1</marc:subfield>
	</marc:datafield>
	<marc:datafield ind1=" " ind2=" " tag="594">
		<marc:subfield code="a">Eliza. Parkinson</marc:subfield>
		<marc:subfield code="b">Ink</marc:subfield>
		<marc:subfield code="x">Located on front paste-down endpaper.</marc:subfield>
		<marc:subfield code="v">v.2</marc:subfield>
	</marc:datafield>
	<marc:datafield ind1=" " ind2=" " tag="594">
		<marc:subfield code="a">David E. Moore</marc:subfield>
		<marc:subfield code="b">Ink</marc:subfield>
		<marc:subfield code="x">Located on title page.</marc:subfield>
		<marc:subfield code="v">v.2</marc:subfield>
	</marc:datafield>
	<marc:datafield ind1=" " ind2=" " tag="594">
		<marc:subfield code="a">Eliza H. Moore</marc:subfield>
		<marc:subfield code="b">Ink</marc:subfield>
		<marc:subfield code="x">Located on title page.</marc:subfield>
		<marc:subfield code="v">v.2</marc:subfield>
	</marc:datafield>
	<marc:datafield ind1=" " ind2=" " tag="595">
		<marc:subfield code="a">Pencil</marc:subfield>
		<marc:subfield code="b">WordS</marc:subfield>
		<marc:subfield code="v">v.2</marc:subfield>
		<marc:subfield code="x">On front paste-down endpaper. Reads: "what you Please", looks like child's script.</marc:subfield>
	</marc:datafield>
	<marc:datafield ind1=" " ind2=" " tag="599">
		<marc:subfield code="a">Author (paratext)</marc:subfield>
		<marc:subfield code="b">Generic/Descriptive</marc:subfield>
		<marc:subfield code="2">Too happy shall I be, if enabled, in a second address, to assure you, that I remain most sincerely your friend, The compiler.</marc:subfield>
		<marc:subfield code="3">Dedication</marc:subfield>
		<marc:subfield code="5">Indeterminate</marc:subfield>
		<marc:subfield code="6">Unknown</marc:subfield>
	</marc:datafield>
	<marc:datafield ind1=" " ind2="7" tag="655">
		<marc:subfield code="a">Epistolary fiction</marc:subfield>
		<marc:subfield code="z">England</marc:subfield>
		<marc:subfield code="y">18th century.</marc:subfield>
		<marc:subfield code="2">rbgenr</marc:subfield>
	</marc:datafield>
	<marc:datafield ind1=" " ind2="4" tag="650">
		<marc:subfield code="a">CHR 1797</marc:subfield>
	</marc:datafield>
	<marc:datafield ind1=" " ind2="4" tag="650">
		<marc:subfield code="a">PRO Carr, Elizabeth (autograph)</marc:subfield>
	</marc:datafield>
	<marc:datafield ind1=" " ind2="4" tag="650">
		<marc:subfield code="a">PRO Parkinson, Eliza (autograph)</marc:subfield>
	</marc:datafield>
	<marc:datafield ind1=" " ind2="4" tag="650">
		<marc:subfield code="a">PRO Moore, David E. (autograph)</marc:subfield>
	</marc:datafield>
	<marc:datafield ind1=" " ind2=" " tag="700">
		<marc:subfield code="a">Cawthorn, G.</marc:subfield>
		<marc:subfield code="d">17..-17..?</marc:subfield>
		<marc:subfield code="4">Printed by</marc:subfield>
		<marc:subfield code="5">Authorized</marc:subfield>
	</marc:datafield>
	<marc:datafield ind1=" " ind2=" " tag="700">
		<marc:subfield code="a">Eliza. Parkinson</marc:subfield>
		<marc:subfield code="4">Inscribed by</marc:subfield>
		<marc:subfield code="5">Unauthorized</marc:subfield>
	</marc:datafield>
	<marc:datafield ind1=" " ind2=" " tag="700">
		<marc:subfield code="a">David E. Moore</marc:subfield>
		<marc:subfield code="4">Inscribed by</marc:subfield>
		<marc:subfield code="5">Unauthorized</marc:subfield>
	</marc:datafield>
	<marc:datafield ind1=" " ind2=" " tag="700">
		<marc:subfield code="a">Eliza H. Moore</marc:subfield>
		<marc:subfield code="4">Inscribed by</marc:subfield>
		<marc:subfield code="5">Unauthorized</marc:subfield>
	</marc:datafield>
	<marc:datafield ind1="2" ind2=" " tag="710">
		<marc:subfield code="a">Collection of British and American Fiction, 1660-1830 (University of Pennsylvania)</marc:subfield>
		<marc:subfield code="5">PU</marc:subfield>
	</marc:datafield>
	<marc:datafield ind1="2" ind2=" " tag="710">
		<marc:subfield code="a">Early Novels</marc:subfield>
		<marc:subfield code="5">University of Pennsylvania</marc:subfield>
	</marc:datafield>
	<marc:datafield ind1=" " ind2=" " tag="950">
		<marc:subfield code="l">RBC</marc:subfield>
		<marc:subfield code="e">\\Singer-\Menden-\hall\</marc:subfield>
		<marc:subfield code="v">2 v.</marc:subfield>
		<marc:subfield code="i">03/16/87 C</marc:subfield>
	</marc:datafield>
	<marc:datafield ind1=" " ind2=" " tag="955">
		<marc:subfield code="l">RBC</marc:subfield>
		<marc:subfield code="c">1:(v.1-2)</marc:subfield>
		<marc:subfield code="q">53-3263</marc:subfield>
		<marc:subfield code="i">03/16/87 C</marc:subfield>
	</marc:datafield>
	<marc:datafield ind1=" " ind2=" " tag="989">
		<marc:subfield code="3">Posthumous</marc:subfield>
		<marc:subfield code="2">Daughter</marc:subfield>
		<marc:subfield code="2">Novel</marc:subfield>
		<marc:subfield code="3">Two</marc:subfield>
		<marc:subfield code="2">Volume</marc:subfield>
	</marc:datafield>
	<marc:datafield ind1=" " ind2=" " tag="999">
		<marc:subfield code="a">SH</marc:subfield>
		<marc:subfield code="b">Swarthmore College</marc:subfield>
		<marc:subfield code="c">7/18/18</marc:subfield>
		<marc:subfield code="d">IC</marc:subfield>
	</marc:datafield>
</marc:record>