
	<marc:record>
	<marc:leader>01211cam a2200325 a 4500</marc:leader>
	<marc:controlfield tag="005">20141119144025.0</marc:controlfield>
	<marc:controlfield tag="008">870317s1797    enk           00000 eng d</marc:controlfield>
	<marc:controlfield tag="001">99598083503681</marc:controlfield>
	<marc:datafield ind1=" " ind2=" " tag="035">
		<marc:subfield code="a">(OCoLC)ocm82629182</marc:subfield>
	</marc:datafield>
	<marc:datafield ind1=" " ind2=" " tag="035">
		<marc:subfield code="a">(OCoLC)82629182</marc:subfield>
	</marc:datafield>
	<marc:datafield ind1=" " ind2=" " tag="035">
		<marc:subfield code="a">(CStRLIN)PAUG87-B7627</marc:subfield>
	</marc:datafield>
	<marc:datafield ind1=" " ind2=" " tag="035">
		<marc:subfield code="a">(CaOTULAS)185129305</marc:subfield>
	</marc:datafield>
	<marc:datafield ind1=" " ind2=" " tag="035">
		<marc:subfield code="9">AAG8502</marc:subfield>
	</marc:datafield>
	<marc:datafield ind1=" " ind2=" " tag="035">
		<marc:subfield code="a">59808</marc:subfield>
	</marc:datafield>
	<marc:datafield ind1=" " ind2=" " tag="035">
		<marc:subfield code="a">(PU)59808-penndb-Voyager</marc:subfield>
	</marc:datafield>
	<marc:datafield ind1=" " ind2=" " tag="035">
		<marc:subfield code="a">(PennHoldings)75421</marc:subfield>
	</marc:datafield>
	<marc:datafield ind1=" " ind2=" " tag="040">
		<marc:subfield code="a">PU</marc:subfield>
		<marc:subfield code="c">PU</marc:subfield>
	</marc:datafield>
	<marc:datafield ind1=" " ind2=" " tag="090">
		<marc:subfield code="a">PR4452.C58</marc:subfield>
		<marc:subfield code="b">E5 1797</marc:subfield>
		<marc:subfield code="i">03/17/87 CT</marc:subfield>
	</marc:datafield>
	<marc:datafield ind1="1" ind2="0" tag="100">
		<marc:subfield code="a">Carver,</marc:subfield>
		<marc:subfield code="c">Mrs.</marc:subfield>
	</marc:datafield>
	<marc:datafield ind1="1" ind2="0" tag="245">
		<marc:subfield code="a">Elizabeth :</marc:subfield>
		<marc:subfield code="b">a novel, in three volumes.</marc:subfield>
	</marc:datafield>

	<marc:datafield ind1=" " ind2=" " tag="246">
	    <marc:subfield code="a">Elizabeth. A novel. In three volumes. Vol. I.</marc:subfield>
		<marc:subfield code="d">Letter-press</marc:subfield>
		<marc:subfield code="g">Full</marc:subfield>
		<marc:subfield code="v">v.1</marc:subfield>
		<marc:subfield code="x">Volume</marc:subfield>
	</marc:datafield>
	<marc:datafield ind1=" " ind2=" " tag="246">
	    <marc:subfield code="a">Elizabeth. A novel. In three volumes. Vol. II.</marc:subfield>
		<marc:subfield code="d">Letter-press</marc:subfield>
		<marc:subfield code="g">Full</marc:subfield>
		<marc:subfield code="v">v.2</marc:subfield>
		<marc:subfield code="x">Volume</marc:subfield>
	</marc:datafield>
	<marc:datafield ind1=" " ind2=" " tag="246">
	    <marc:subfield code="a">Elizabeth. A novel. In three volumes. Vol. III.</marc:subfield>
		<marc:subfield code="d">Letter-press</marc:subfield>
		<marc:subfield code="g">Full</marc:subfield>
		<marc:subfield code="v">v.3</marc:subfield>
		<marc:subfield code="x">Volume</marc:subfield>
	</marc:datafield>

	<marc:datafield ind1="0" ind2="7" tag="246">
	    <marc:subfield code="a">Elizabeth.</marc:subfield>
		<marc:subfield code="v">v.1</marc:subfield>
		<marc:subfield code="v">v.2</marc:subfield>
		<marc:subfield code="v">v.3</marc:subfield>
	</marc:datafield>
	<marc:datafield ind1="0" ind2="7" tag="246">
	    <marc:subfield code="a">Elizabeth. (verso)</marc:subfield>
		<marc:subfield code="a">Elizabeth. (recto)</marc:subfield>
		<marc:subfield code="v">v.1</marc:subfield>
		<marc:subfield code="v">v.2</marc:subfield>
		<marc:subfield code="v">v.3</marc:subfield>
	</marc:datafield>
	<marc:datafield ind1="0" ind2=" " tag="260">
		<marc:subfield code="a">London</marc:subfield>
		<marc:subfield code="b">Printed for William Lane, at the Minerva-Press, Leadenhall-street.</marc:subfield>
		<marc:subfield code="c">1797</marc:subfield>
		<marc:subfield code="c">MDCC XCVII.</marc:subfield>
	</marc:datafield>

	<marc:datafield ind1=" " ind2=" " tag="300">
		<marc:subfield code="a">3 v. ;</marc:subfield>
		<marc:subfield code="c">16 cm. (8vo)</marc:subfield>
		<marc:subfield code="x">Octavo</marc:subfield>
		<marc:subfield code="z">In three volumes.</marc:subfield>
	</marc:datafield>

	<marc:datafield ind1=" " ind2=" " tag="500">
		<marc:subfield code="a">Published anonymously.  Attributed to Mrs. Carver.  Cf. Blakey, D.  Minerva Press, p. 181.</marc:subfield>
	</marc:datafield>
	<marc:datafield ind1=" " ind2=" " tag="500">
		<marc:subfield code="a">Transcription of library stamp on title page of each volume: Redwood Library. NewPort, R. I. Duplicate Sold.; Transcription of red library stamp: Redwood Library Orignated A. D. 1730 incorporated [faded]</marc:subfield>
	</marc:datafield>

	<marc:datafield ind1="4" ind2=" " tag="510">
		<marc:subfield code="a">Blakey, D.  Minerva Press</marc:subfield>
		<marc:subfield code="c">p. 181</marc:subfield>
	</marc:datafield>
	<marc:datafield ind1="4" ind2=" " tag="510">
		<marc:subfield code="a">ESTC (RLIN)</marc:subfield>
		<marc:subfield code="c">N6214</marc:subfield>
	</marc:datafield>
	<marc:datafield ind1="4" ind2=" " tag="510">
		<marc:subfield code="a">English novel, 1770-1829,</marc:subfield>
		<marc:subfield code="c">1797:32</marc:subfield>
	</marc:datafield>
	<marc:datafield ind1="4" ind2=" " tag="510">
		<marc:subfield code="a">Block, A.  Engl. novel (1961 ed.),</marc:subfield>
		<marc:subfield code="c">p.36</marc:subfield>
	</marc:datafield>

	<marc:datafield ind1=" " ind2=" " tag="520">
	    <marc:subfield code="a">Preface</marc:subfield>
		<marc:subfield code="b">The preface.</marc:subfield>
		<marc:subfield code="c">Front</marc:subfield>
		<marc:subfield code="v">v.1</marc:subfield>
		<marc:subfield code="x">Transcription of the First line: The following sheets are humbly offered to the public, under a full conviction, that amidst the variety of this kind of writing so constantly published, little or nothing of incident or character but has been produced in a far superior manner; yet the author trusts, that as some of the characters introduced in her book are not entirely fictitious, nor the heroine of her subject exempt from the common frailties of human nature, she humbly hopes for the candour of those who may honour it by their perusal, and for their favorable constructions upon this production of her pen.</marc:subfield>
	</marc:datafield>

	<marc:datafield ind1=" " ind2=" " tag="595">
	    <marc:subfield code="a">Pencil</marc:subfield>
		<marc:subfield code="b">Words</marc:subfield>
		<marc:subfield code="v">v.1</marc:subfield>
		<marc:subfield code="x">Located on front free endpaper. Transcription: Blakey p 181 attributed to Mrs. Carver in Minerva cat of 1814 not in Block</marc:subfield>
	</marc:datafield>

	<marc:datafield ind1=" " ind2=" " tag="599">
	    <marc:subfield code="a">Author (text)</marc:subfield>
		<marc:subfield code="b">Generic/Descriptive</marc:subfield>
		<marc:subfield code="2">Yet the author trusts, that as some of the characters introduced in her book are not entirely fictitious, nor the heroine of her subject exempt from the common frailties of human nature, she humbly hopes for the candour of those who may honour it by their perusal, and for their favorable constructions upon this production of her pen.</marc:subfield>
		<marc:subfield code="3">Preface</marc:subfield>
		<marc:subfield code="5">Female</marc:subfield>
		<marc:subfield code="6">Female</marc:subfield>
	</marc:datafield>

	<marc:datafield ind1=" " ind2="4" tag="650">
		<marc:subfield code="a">CHR 1797</marc:subfield>
	</marc:datafield>
	<marc:datafield ind1=" " ind2="4" tag="650">
		<marc:subfield code="a">PRO Redwood Library, Newport, R.I. (withdrawn stamp)</marc:subfield>
	</marc:datafield>

	<marc:datafield ind1=" " ind2=" " tag="700">
	    <marc:subfield code="a">Lane, William</marc:subfield>
		<marc:subfield code="d">1745?-1814</marc:subfield>
		<marc:subfield code="4">Printed for</marc:subfield>
		<marc:subfield code="5">Authorized</marc:subfield>
	</marc:datafield>

	<marc:datafield ind1=" " ind2=" " tag="710">
		<marc:subfield code="a">Minerva-Press</marc:subfield>
		<marc:subfield code="4">Printed for</marc:subfield>
		<marc:subfield code="5">Authorized</marc:subfield>
	</marc:datafield>
	<marc:datafield ind1=" " ind2=" " tag="710">
		<marc:subfield code="a">Redwood Library and Athenaeum</marc:subfield>
		<marc:subfield code="4">Inscribed by</marc:subfield>
		<marc:subfield code="5">Authorized</marc:subfield>
	</marc:datafield>
	<marc:datafield ind1="2" ind2=" " tag="710">
		<marc:subfield code="a">Collection of British and American Fiction, 1660-1830 (University of Pennsylvania)</marc:subfield>
		<marc:subfield code="5">PU</marc:subfield>
	</marc:datafield>
	<marc:datafield ind1="2" ind2=" " tag="710">
		<marc:subfield code="a">Early Novels</marc:subfield>
		<marc:subfield code="5">University of Pennsylvania</marc:subfield>
	</marc:datafield>

	<marc:datafield ind1=" " ind2=" " tag="950">
		<marc:subfield code="l">RBC</marc:subfield>
		<marc:subfield code="e">\\Singer-\Menden-\hall\</marc:subfield>
		<marc:subfield code="v">3 v.</marc:subfield>
		<marc:subfield code="i">03/17/87 C</marc:subfield>
	</marc:datafield>
	<marc:datafield ind1=" " ind2=" " tag="955">
		<marc:subfield code="l">RBC</marc:subfield>
		<marc:subfield code="c">1:(v.1-3)</marc:subfield>
		<marc:subfield code="q">56-444</marc:subfield>
		<marc:subfield code="s">boxed</marc:subfield>
		<marc:subfield code="i">03/17/87 C</marc:subfield>
	</marc:datafield>

	<marc:datafield ind1=" " ind2=" " tag="989">
	    <marc:subfield code="2">Novel</marc:subfield>
		<marc:subfield code="3">Three</marc:subfield>
		<marc:subfield code="5">Elizabeth</marc:subfield>
	</marc:datafield>
	<marc:datafield ind1=" " ind2=" " tag="999">
	    <marc:subfield code="a">OF</marc:subfield>
		<marc:subfield code="b">7/16/18</marc:subfield>
		<marc:subfield code="c">Carnegie Mellon University</marc:subfield>
		<marc:subfield code="d">SH</marc:subfield>
	</marc:datafield>
</marc:record>