
<marc:record>
	<marc:leader>01241cam a2200349 a 4500</marc:leader>
	<marc:controlfield tag="005">20160222152200.0</marc:controlfield>
	<marc:controlfield tag="008">870129s1797    au            00000 eng d</marc:controlfield>
	<marc:controlfield tag="001">99733803503681</marc:controlfield>
	<marc:datafield ind1=" " ind2=" " tag="035">
		<marc:subfield code="a">(OCoLC)ocm17847431</marc:subfield>
	</marc:datafield>
	<marc:datafield ind1=" " ind2=" " tag="035">
		<marc:subfield code="a">(OCoLC)17847431</marc:subfield>
	</marc:datafield>
	<marc:datafield ind1=" " ind2=" " tag="035">
		<marc:subfield code="a">(CStRLIN)PAUG87-B2498</marc:subfield>
	</marc:datafield>
	<marc:datafield ind1=" " ind2=" " tag="035">
		<marc:subfield code="a">(CaOTULAS)185129654</marc:subfield>
	</marc:datafield>
	<marc:datafield ind1=" " ind2=" " tag="035">
		<marc:subfield code="9">AAJ3447</marc:subfield>
	</marc:datafield>
	<marc:datafield ind1=" " ind2=" " tag="035">
		<marc:subfield code="a">73380</marc:subfield>
	</marc:datafield>
	<marc:datafield ind1=" " ind2=" " tag="035">
		<marc:subfield code="a">(PU)73380-penndb-Voyager</marc:subfield>
	</marc:datafield>
	<marc:datafield ind1=" " ind2=" " tag="035">
		<marc:subfield code="a">(PennHOldings)91228</marc:subfield>
	</marc:datafield>
	<marc:datafield ind1=" " ind2=" " tag="040">
		<marc:subfield code="a">PU</marc:subfield>
		<marc:subfield code="c">PU</marc:subfield>
	</marc:datafield>
	<marc:datafield ind1=" " ind2=" " tag="090">
		<marc:subfield code="a">PR3716</marc:subfield>
		<marc:subfield code="b">.A48 1797</marc:subfield>
		<marc:subfield code="i">01/29/87 CT</marc:subfield>
	</marc:datafield>
	<marc:datafield ind1="1" ind2="0" tag="100">
		<marc:subfield code="a">Sterne, Laurence,</marc:subfield>
		<marc:subfield code="d">1713-1768.</marc:subfield>
	</marc:datafield>
	<marc:datafield ind1="1" ind2="0" tag="245">
		<marc:subfield code="a">Letters written between Yorick and Eliza.</marc:subfield>
	</marc:datafield>
	<marc:datafield ind1=" " ind2=" " tag="246">
		<marc:subfield code="a">Letters written between Yorick and Eliza. The Second edition.</marc:subfield>
		<marc:subfield code="d">Letter-press</marc:subfield>
		<marc:subfield code="g">Full</marc:subfield>
		<marc:subfield code="x">Work</marc:subfield>
	</marc:datafield>
	<marc:datafield ind1=" " ind2=" " tag="250">
		<marc:subfield code="a">The second edition.</marc:subfield>
		<marc:subfield code="b">Second edition</marc:subfield>
	</marc:datafield>
	<marc:datafield ind1=" " ind2=" " tag="260">
		<marc:subfield code="a">Vienna</marc:subfield>
		<marc:subfield code="b">Printed for R. Sammer, bookseller.</marc:subfield>
		<marc:subfield code="c">1797</marc:subfield>
		<marc:subfield code="c">M.DCC.XCVII.</marc:subfield>
	</marc:datafield>
	<marc:datafield ind1=" " ind2=" " tag="300">
		<marc:subfield code="a">82 p. ;</marc:subfield>
		<marc:subfield code="c">15 cm. (12mo)</marc:subfield>
		<marc:subfield code="x">Duodecimo</marc:subfield>
	</marc:datafield>
	<marc:datafield ind1=" " ind2=" " tag="500">
		<marc:subfield code="a">Generally regarded as falsely attributed to Laurence Sterne, and ascribed to William Combe.  Cf. Cross, W.L. Life &amp; times of L. Sterne (1929), p. 610.</marc:subfield>
	</marc:datafield>
	<marc:datafield ind1=" " ind2=" " tag="500">
		<marc:subfield code="a">Engraved title vignette.</marc:subfield>
	</marc:datafield>
	<marc:datafield ind1="4" ind2=" " tag="510">
		<marc:subfield code="a">ESTC</marc:subfield>
		<marc:subfield code="c">T205570</marc:subfield>
	</marc:datafield>
	<marc:datafield ind1="4" ind2=" " tag="510">
		<marc:subfield code="a">ESTC</marc:subfield>
		<marc:subfield code="c">T205570</marc:subfield>
	</marc:datafield>
	<marc:datafield ind1=" " ind2=" " tag="520">
		<marc:subfield code="a">Advertisement</marc:subfield>
		<marc:subfield code="b">Advertisement of the editor</marc:subfield>
		<marc:subfield code="c">Front</marc:subfield>
		<marc:subfield code="x">Transcription of the first sentence: "The following letters of Yorick having been separately printed from those of Eliza in the original edition, so as to make u two volumes, the editor of the present edition has thought it more convenient and agreeable to the reader to publish them together in the same order as they have been written, and cast them into one volume."</marc:subfield>
	</marc:datafield>
	<marc:datafield ind1=" " ind2=" " tag="520">
		<marc:subfield code="a">Preface</marc:subfield>
		<marc:subfield code="b">Preface to Yorick's letters.</marc:subfield>
		<marc:subfield code="c">Front</marc:subfield>
		<marc:subfield code="x">Transcription of the first sentence: "In the preface prefixed to the first edition of these letters, which appeared in the year 1775, and were then dedicated to the Lord Apsley (the present Earl Bathurst) the editor remarks, that he, 'purposely waves all proofs which might be drawn concerning their authenticity, from the character of the gentleman who had the perusal of the originals, and with Eliza's permission, faithfully copied them at Bombay in the East-Indies; from the testimony of many reputable families in London, who knew and loved Eliza, caressed and admired Mr. Sterne, and were well acquainted with the tender friendship between them; and from many curious anecdotes in the letters themselves, any one one of which were fully sufficient to authenticate them.'"</marc:subfield>
	</marc:datafield>
	<marc:datafield ind1=" " ind2=" " tag="520">
		<marc:subfield code="a">Preface</marc:subfield>
		<marc:subfield code="b">Preface to Eliza's letters.</marc:subfield>
		<marc:subfield code="c">Front</marc:subfield>
		<marc:subfield code="x">Transcription of first sentence: The editor of the elegant and pathetic letters, from Yorick to Eliza, which have lately made their appearance in the world, says, "It is very much to be lamented that Eliza's modesty was invincible to all the publisher's endeavors to obtain her answers to these letters.</marc:subfield>
	</marc:datafield>
	<marc:datafield ind1=" " ind2=" " tag="520">
		<marc:subfield code="a">Footnotes</marc:subfield>
		<marc:subfield code="c">Front</marc:subfield>
		<marc:subfield code="x">Located on pgs. 7, 9.</marc:subfield>
	</marc:datafield>
	<marc:datafield ind1=" " ind2=" " tag="520">
		<marc:subfield code="a">Footnotes</marc:subfield>
		<marc:subfield code="c">Middle</marc:subfield>
		<marc:subfield code="x">Located on pg. 40.</marc:subfield>
	</marc:datafield>
	<marc:datafield ind1=" " ind2=" " tag="592">
		<marc:subfield code="a">Epistolary</marc:subfield>
	</marc:datafield>
	<marc:datafield ind1=" " ind2=" " tag="599">
		<marc:subfield code="a">Author (text)</marc:subfield>
		<marc:subfield code="b">Generic/Descriptive</marc:subfield>
		<marc:subfield code="2">In the preface prefixed to the first edition of these letters, which appeared in the year 1775, and were then dedicated to the Lord Apsley (the present Earl Bathurst) the editor remarks, that he, "purposely waves all proofs which might be drawn concerning their authenticity, from the character of the gentleman who had the perusal of the originals, and with Eliza's permission, faithfully copied them at Bombay in the East-Indies; from the testimony of many reputable families in London, who knew and loved Eliza, caressed and admired Mr. Sterne, and were well acquainted with the tender friendship between them; and from many curious anecdotes in the letters themselves, any one one of which were fully sufficient to authenticate them."</marc:subfield>
		<marc:subfield code="3">Front</marc:subfield>
		<marc:subfield code="5">Male</marc:subfield>
		<marc:subfield code="6">Male</marc:subfield>
	</marc:datafield>
	<marc:datafield ind1=" " ind2="4" tag="650">
		<marc:subfield code="a">CHR 1797</marc:subfield>
	</marc:datafield>
	<marc:datafield ind1=" " ind2=" " tag="700">
		<marc:subfield code="a">Sammer, Rudolph</marc:subfield>
		<marc:subfield code="d">1783-1800</marc:subfield>
		<marc:subfield code="4">Printed for</marc:subfield>
		<marc:subfield code="5">Authorized</marc:subfield>
	</marc:datafield>
	<marc:datafield ind1=" " ind2=" " tag="700">
		<marc:subfield code="a">Sterne, Laurence</marc:subfield>
		<marc:subfield code="d">1713-1768</marc:subfield>
		<marc:subfield code="4">Author (text)</marc:subfield>
		<marc:subfield code="5">Authorized</marc:subfield>
	</marc:datafield>
	<marc:datafield ind1=" " ind2=" " tag="700">
		<marc:subfield code="a">Draper, Elizabeth,</marc:subfield>
		<marc:subfield code="d">1744-1778</marc:subfield>
		<marc:subfield code="5">Authorized</marc:subfield>
	</marc:datafield>
	<marc:datafield ind1=" " ind2=" " tag="700">
		<marc:subfield code="a">Combe, William</marc:subfield>
		<marc:subfield code="d">1742-1823</marc:subfield>
	</marc:datafield>
	<marc:datafield ind1="2" ind2=" " tag="710">
		<marc:subfield code="a">Collection of British and American Fiction, 1660-1830 (University of Pennsylvania)</marc:subfield>
		<marc:subfield code="5">PU</marc:subfield>
	</marc:datafield>
	<marc:datafield ind1="2" ind2=" " tag="710">
		<marc:subfield code="a">Early Novels </marc:subfield>
		<marc:subfield code="5">University of Pennsylvania</marc:subfield>
	</marc:datafield>
	<marc:datafield ind1=" " ind2=" " tag="752">
		<marc:subfield code="a">Austria</marc:subfield>
		<marc:subfield code="d">Vienna.</marc:subfield>
	</marc:datafield>
	<marc:datafield ind1=" " ind2=" " tag="950">
		<marc:subfield code="l">RBC</marc:subfield>
		<marc:subfield code="i">01/29/87 C</marc:subfield>
	</marc:datafield>
	<marc:datafield ind1=" " ind2=" " tag="955">
		<marc:subfield code="l">RBC</marc:subfield>
		<marc:subfield code="c">1</marc:subfield>
		<marc:subfield code="q">53-2504</marc:subfield>
		<marc:subfield code="i">01/29/87 C</marc:subfield>
	</marc:datafield>
	<marc:datafield ind1=" " ind2=" " tag="989">
		<marc:subfield code="2">Edition</marc:subfield>
		<marc:subfield code="3">Second</marc:subfield>
		<marc:subfield code="5">Yorick</marc:subfield>
		<marc:subfield code="5">Eliza</marc:subfield>
		<marc:subfield code="6">Write</marc:subfield>
		<marc:subfield code="7">Letter</marc:subfield>
	</marc:datafield>
	<marc:datafield ind1=" " ind2=" " tag="999">
		<marc:subfield code="a">DPL</marc:subfield>
		<marc:subfield code="b">7/11/18</marc:subfield>
		<marc:subfield code="c">University of Pennsylvania</marc:subfield>
		<marc:subfield code="d">IC</marc:subfield>
	</marc:datafield>
</marc:record>