
<marc:record>
	<marc:leader>01227cam a2200337 a 4500</marc:leader>
	<marc:controlfield tag="005">20141119154459.0</marc:controlfield>
	<marc:controlfield tag="008">870130s1797    enk           00010 eng d</marc:controlfield>
	<marc:controlfield tag="001">99734383503681</marc:controlfield>
	<marc:datafield ind1=" " ind2=" " tag="035">
		<marc:subfield code="a">(OCoLC)ocm13070887</marc:subfield>
	</marc:datafield>
	<marc:datafield ind1=" " ind2=" " tag="035">
		<marc:subfield code="a">(OCoLC)13070887</marc:subfield>
	</marc:datafield>
	<marc:datafield ind1=" " ind2=" " tag="035">
		<marc:subfield code="a">(CStRLIN)PAUG87-B2578</marc:subfield>
	</marc:datafield>
	<marc:datafield ind1=" " ind2=" " tag="035">
		<marc:subfield code="a">(CaOTULAS)185130067</marc:subfield>
	</marc:datafield>
	<marc:datafield ind1=" " ind2=" " tag="035">
		<marc:subfield code="9">AAJ3507</marc:subfield>
	</marc:datafield>
	<marc:datafield ind1=" " ind2=" " tag="035">
		<marc:subfield code="a">73438</marc:subfield>
	</marc:datafield>
	<marc:datafield ind1=" " ind2=" " tag="035">
		<marc:subfield code="a">(PU)73438-penndb-Voyager</marc:subfield>
	</marc:datafield>
	<marc:datafield ind1=" " ind2=" " tag="035">
		<marc:subfield code="a">(PennHoldings)91298</marc:subfield>
	</marc:datafield>
	<marc:datafield ind1=" " ind2=" " tag="040">
		<marc:subfield code="a">PU</marc:subfield>
		<marc:subfield code="c">PU</marc:subfield>
	</marc:datafield>
	<marc:datafield ind1=" " ind2=" " tag="043">
		<marc:subfield code="a">e-uk---</marc:subfield>
	</marc:datafield>
	<marc:datafield ind1=" " ind2=" " tag="090">
		<marc:subfield code="a">PR3539.L6</marc:subfield>
		<marc:subfield code="b">C5 1797</marc:subfield>
		<marc:subfield code="i">02/02/87 CT</marc:subfield>
	</marc:datafield>
	<marc:datafield ind1="1" ind2=" " tag="100">
		<marc:subfield code="a">Lee, Margaret.</marc:subfield>
	</marc:datafield>
	<marc:datafield ind1="1" ind2="0" tag="245">
		<marc:subfield code="a">Clara Lennox, or The distressed widow :</marc:subfield>
		<marc:subfield code="b">a novel founded on facts, interspersed with an historical description of the Isle of Man /</marc:subfield>
		<marc:subfield code="c">by Mrs. Lee : in two volumes.</marc:subfield>
	</marc:datafield>
	<marc:datafield ind1="3" ind2="0" tag="246">
		<marc:subfield code="a">Clara Lennox</marc:subfield>
	</marc:datafield>
	<marc:datafield ind1="3" ind2="0" tag="246">
		<marc:subfield code="a">Distressed widow</marc:subfield>
	</marc:datafield>
	<marc:datafield ind1=" " ind2=" " tag="246" >
        <marc:subfield code="a">Clara Lennox; or, The distressed widow. A novel.</marc:subfield>
        <marc:subfield code="d">Letter-press</marc:subfield>
        <marc:subfield code="g">Half</marc:subfield>
        <marc:subfield code="x">Work</marc:subfield>
        <marc:subfield code="v">v.1</marc:subfield>
    </marc:datafield>
    <marc:datafield ind1=" " ind2=" " tag="246" >
        <marc:subfield code="a">Clara Lennox; or, The distressed widow. A novel. Founded on facts. Interspersed with an historical description of The Isle of Man. By Mrs. Lee. Dedicated, by permission, to H. R. H. the Duchess of York. In two volumes. Vol. I.</marc:subfield>
        <marc:subfield code="d">Letter-press</marc:subfield>
        <marc:subfield code="g">Full</marc:subfield>
        <marc:subfield code="x">Work</marc:subfield>
        <marc:subfield code="v">v.1</marc:subfield>
    </marc:datafield>
    <marc:datafield ind1=" " ind2=" " tag="246" >
        <marc:subfield code="a">Clara Lennox; or, The distressed widow. A novel.</marc:subfield>
        <marc:subfield code="d">Letter-press</marc:subfield>
        <marc:subfield code="g">Half</marc:subfield>
        <marc:subfield code="x">Work</marc:subfield>
        <marc:subfield code="v">v.2</marc:subfield>
    </marc:datafield>
    <marc:datafield ind1=" " ind2=" " tag="246" >
        <marc:subfield code="a">Clara Lennox; or, The distressed widow. A novel. Founded on facts. Interspersed with an historical description of The Isle of Man. By Mrs. Lee. Dedicated, by permission, to H. R. H. the Duchess of York. In two volumes. Vol. II.</marc:subfield>
        <marc:subfield code="d">Letter-press</marc:subfield>
        <marc:subfield code="g">Full</marc:subfield>
        <marc:subfield code="x">Work</marc:subfield>
        <marc:subfield code="v">v.2</marc:subfield>
    </marc:datafield>
	<marc:datafield ind1=" " ind2=" " tag="260">
		<marc:subfield code="a">London</marc:subfield>
		<marc:subfield code="b">Printed for the authoress by J. Adlard, No. 39, Duke-Street, West Smithfield; and sold by J. Parsons, No 21, Paternoster-Row.</marc:subfield>
		<marc:subfield code="c">1797.</marc:subfield>
		<marc:subfield code="c">1797</marc:subfield>
	</marc:datafield>
	 <marc:datafield ind1=" " ind2=" " tag="261">
        <marc:subfield code="b">Printed for the authoress by J. Adlard, No. 39, Duke-Street, West Smithfield; and sold by J. Parsons, No 21, Paternoster-Row.</marc:subfield>
        <marc:subfield code="f">J. Adlard</marc:subfield>
    </marc:datafield>
	<marc:datafield ind1=" " ind2=" " tag="300">
		<marc:subfield code="a">2 v. ;</marc:subfield>
		<marc:subfield code="c">20 cm. (12mo)</marc:subfield>
		<marc:subfield code="x">Duodecimo</marc:subfield>
		<marc:subfield code="z">In two volumes.</marc:subfield>
	</marc:datafield>
	<marc:datafield ind1="4" ind2=" " tag="510">
		<marc:subfield code="a">ESTC (RLIN)</marc:subfield>
		<marc:subfield code="c">T72361</marc:subfield>
	</marc:datafield>
	<marc:datafield ind1="4" ind2=" " tag="510">
		<marc:subfield code="a">English novel, 1770-1829,</marc:subfield>
		<marc:subfield code="c">1797:52</marc:subfield>
	</marc:datafield>
	<marc:datafield ind1="4" ind2=" " tag="510">
		<marc:subfield code="a">Block, A.  Engl. novel (1961 ed.),</marc:subfield>
		<marc:subfield code="c">p.135</marc:subfield>
	</marc:datafield>
	<marc:datafield ind1=" " ind2=" " tag="520" >
        <marc:subfield code="a">Dedication</marc:subfield>
        <marc:subfield code="b">Dedication. To H. R. H. The Duchess of York.</marc:subfield>
        <marc:subfield code="c">Front</marc:subfield>
        <marc:subfield code="v">v.1</marc:subfield>
        <marc:subfield code="x">Transcription of first sentence: "Madam, as a British subject, in the most ample sense of the word, it is totally unnecessary for me to recapitulate the many virtues for which your Royal Highness is so eminently distinguished; it would add nothing to the present knowledge of society, nor would it encrease that beatified refulgence, which those virtues have thrown on applauding myriads."; Signed: "For the continuance of these inestimable blessings, accept, most amiable Princess, the devout and fervant prayer of your royal highness's gratefully obliged, most faithful, and devoted humble servant, Margaret Lee."</marc:subfield>
    </marc:datafield>
    <marc:datafield ind1=" " ind2=" " tag="520" >
        <marc:subfield code="a">Preface</marc:subfield>
        <marc:subfield code="b">Preface</marc:subfield>
        <marc:subfield code="c">Front</marc:subfield>
        <marc:subfield code="v">v.1</marc:subfield>
        <marc:subfield code="x">Transcription of first sentence: "Emboldedned by the kind of encouragement I have received, to publish the following collections of letters, which I confess are by no means exempt from failings, but which, being calculated to expose the insidious arts of hypocrisy and the malevolent effects of jealousy, disguised under the semblance of friendship, and also to illustrate an example of patiently suffering under the most bitter persecution; having likewise attempted to describe the perfidious conduct of an unprincipled debauche, and to evince to the unsuspecting virgin the necessity of circumspection, and the danger of credulity, and thus endeavoured to fortify the cause of virtue; and the whole being drawn from characters in real life, will, I hope, be considered by the candid and indulgent Reader, as some apology for the numerous defects of its style and execution; and to their mercy do I appeal against the anticipated attacks of rigid criticism."; Signed: "M. Lee."</marc:subfield>
    </marc:datafield>
    <marc:datafield ind1=" " ind2=" " tag="520" >
        <marc:subfield code="a">Poem</marc:subfield>
        <marc:subfield code="b">The Elegy</marc:subfield>
        <marc:subfield code="c">Back</marc:subfield>
        <marc:subfield code="v">v.1</marc:subfield>
        <marc:subfield code="x">Transcription of first line, p.194:"The sinking fun withdraws his scorching beams"</marc:subfield>
    </marc:datafield>
   	<marc:datafield ind1=" " ind2=" " tag="591">
        <marc:subfield code="a">Teach to feel another's woe</marc:subfield>
        <marc:subfield code="2">Pope</marc:subfield>
        <marc:subfield code="b">The Universal Prayer</marc:subfield>            
        <marc:subfield code="c">Alexander Pope</marc:subfield>            
        <marc:subfield code="v">v.1</marc:subfield>
        <marc:subfield code="v">v.2</marc:subfield>
    </marc:datafield>
    <marc:datafield ind1=" " ind2=" " tag="592">
        <marc:subfield code="a">Epistolary</marc:subfield>
        <marc:subfield code="b">First-person</marc:subfield>
    </marc:datafield>
    <marc:datafield ind1=" " ind2=" " tag="593">
        <marc:subfield code="a">H. R. H. The Princess of Wales., H. R. H. The Duchess of York., Duchess of Marlborough, Duchess of Richmond (dec.), Duchess of Devonshire, Duchess of Northhumberland, Duchess of Leeds, Duchess of Athol, Duchess of Ancaster, Duchess of Newcastle, Duchess of Buccleugh, Marchioness of Salibury, Marchioness of Abercorn, Marchioness of Titchfield, Countess of Cholmondeley, Coutess of Suffolk</marc:subfield>
        <marc:subfield code="x">The list is long and only first few names are recorded.</marc:subfield>
    </marc:datafield>
	<marc:datafield ind1=" " ind2=" " tag="595">
        <marc:subfield code="a">Pencil</marc:subfield>
        <marc:subfield code="b">Words</marc:subfield>
        <marc:subfield code="v">v.1</marc:subfield>
        <marc:subfield code="x">Transcription of name inserted between "Mrs." and "Lee" in full title page: "Harriet"</marc:subfield>
	</marc:datafield> 
    <marc:datafield ind1=" " ind2=" " tag="599">
        <marc:subfield code="a">Author (text)</marc:subfield>
        <marc:subfield code="b">Proper name</marc:subfield>
        <marc:subfield code="2">By Mrs. Lee</marc:subfield>
        <marc:subfield code="3">Title Page</marc:subfield>
        <marc:subfield code="5">Female</marc:subfield>
        <marc:subfield code="6">Female</marc:subfield>
    </marc:datafield>     
    <marc:datafield ind1=" " ind2=" " tag="599">
        <marc:subfield code="a">Author (paratext)</marc:subfield>
        <marc:subfield code="b">Proper name</marc:subfield>
        <marc:subfield code="2">your royal highness's gratefully obliged, most faithful, and devoted humble servant, Margaret Lee.</marc:subfield>
        <marc:subfield code="3">Dedication</marc:subfield>
        <marc:subfield code="5">Female</marc:subfield>
        <marc:subfield code="6">Female</marc:subfield>
        <marc:subfield code="v">v.1</marc:subfield>
    </marc:datafield> 
    <marc:datafield ind1=" " ind2=" " tag="599">
        <marc:subfield code="a">Author (paratext)</marc:subfield>
        <marc:subfield code="b">Proper name</marc:subfield>
        <marc:subfield code="2">M. Lee.</marc:subfield>
        <marc:subfield code="3">Preface</marc:subfield>
        <marc:subfield code="5">Female</marc:subfield>
        <marc:subfield code="6">Female</marc:subfield>
        <marc:subfield code="v">v.1</marc:subfield>
    </marc:datafield> 
	<marc:datafield ind1=" " ind2="0" tag="651">
		<marc:subfield code="a">Isle of Man.</marc:subfield>
	</marc:datafield>
	<marc:datafield ind1=" " ind2="4" tag="650">
		<marc:subfield code="a">CHR 1797</marc:subfield>
	</marc:datafield>
	<marc:datafield ind1=" " ind2=" " tag="700">
        <marc:subfield code="a">Pope, Alexander</marc:subfield>
        <marc:subfield code="d">1688-1744</marc:subfield>
        <marc:subfield code="4">Author (epigraph)</marc:subfield>
        <marc:subfield code="5">Authorized</marc:subfield>
    </marc:datafield>
    <marc:datafield ind1=" " ind2=" " tag="700">
        <marc:subfield code="a">Lee, Harriet</marc:subfield>
		<marc:subfield code="d">1757-1851</marc:subfield>
        <marc:subfield code="4">Author (text)</marc:subfield>
        <marc:subfield code="5">Unauthorized</marc:subfield>
    </marc:datafield>
    <marc:datafield ind1=" " ind2=" " tag="700">
        <marc:subfield code="a">H. R. H. Duchess of York</marc:subfield>
        <marc:subfield code="4">Dedicatee</marc:subfield>
        <marc:subfield code="5">Unauthorized</marc:subfield>
    </marc:datafield>
    <marc:datafield ind1=" " ind2=" " tag="700">
        <marc:subfield code="a">J. Ablard</marc:subfield>
        <marc:subfield code="4">Printed by</marc:subfield>
        <marc:subfield code="5">Unauthorized</marc:subfield>
    </marc:datafield>
    <marc:datafield ind1=" " ind2=" " tag="700">
        <marc:subfield code="a">J. Parsons</marc:subfield>
        <marc:subfield code="4">Sold by</marc:subfield>
        <marc:subfield code="5">Unauthorized</marc:subfield>
    </marc:datafield>
	<marc:datafield ind1="2" ind2=" " tag="710">
        <marc:subfield code="a">Early Novels</marc:subfield>
        <marc:subfield code="5">University of Pennsylvania</marc:subfield>
    </marc:datafield>
	<marc:datafield ind1="2" ind2=" " tag="710">
		<marc:subfield code="a">Collection of British and American Fiction, 1660-1830 (University of Pennsylvania)</marc:subfield>
		<marc:subfield code="5">PU</marc:subfield>
	</marc:datafield>
	<marc:datafield ind1=" " ind2=" " tag="950">
		<marc:subfield code="l">RBC</marc:subfield>
		<marc:subfield code="v">2 v.</marc:subfield>
		<marc:subfield code="i">02/02/87 C</marc:subfield>
	</marc:datafield>
	<marc:datafield ind1=" " ind2=" " tag="955">
		<marc:subfield code="l">RBC</marc:subfield>
		<marc:subfield code="c">1:(v.1-2)</marc:subfield>
		<marc:subfield code="q">301877-78</marc:subfield>
		<marc:subfield code="s">untrimmed</marc:subfield>
		<marc:subfield code="i">02/02/87 C</marc:subfield>
	</marc:datafield>
	<marc:datafield ind1=" " ind2=" " tag="989"> 
        <marc:subfield code="2">Widow</marc:subfield>
        <marc:subfield code="2">Novel</marc:subfield>
        <marc:subfield code="2">Fact</marc:subfield>
        <marc:subfield code="2">Description</marc:subfield>
        <marc:subfield code="2">Duchess</marc:subfield>
        <marc:subfield code="2">Permission</marc:subfield>
		<marc:subfield code="2">Mrs.</marc:subfield>
        <marc:subfield code="3">Distressed</marc:subfield>
        <marc:subfield code="3">Historical</marc:subfield>
        <marc:subfield code="3">Two</marc:subfield>
        <marc:subfield code="4">York</marc:subfield>
		<marc:subfield code="4">Isle of Man</marc:subfield>
        <marc:subfield code="5">Clara Lennox</marc:subfield>
        <marc:subfield code="5">Mrs. Lee</marc:subfield>
        <marc:subfield code="5">H. R. H.</marc:subfield>
        <marc:subfield code="6">Found</marc:subfield>
        <marc:subfield code="6">Intersperse</marc:subfield>
        <marc:subfield code="6">Dedicate</marc:subfield>
    </marc:datafield>
    <marc:datafield ind1=" " ind2=" " tag="999">
		<marc:subfield code="a">IC</marc:subfield>
		<marc:subfield code="b">7/18/18</marc:subfield>
		<marc:subfield code="c">University of Pennsylvania</marc:subfield>
		<marc:subfield code="d">SH</marc:subfield>
	</marc:datafield>
</marc:record>