
	<marc:record>
	<marc:leader>01426cam a2200361 a 4500</marc:leader>
	<marc:controlfield tag="005">20141119154613.0</marc:controlfield>
	<marc:controlfield tag="008">870203s1797    enk           00010 eng d</marc:controlfield>
	<marc:controlfield tag="001">99737323503681</marc:controlfield>
	<marc:datafield ind1=" " ind2=" " tag="035">
		<marc:subfield code="a">(OCoLC)ocm34099062</marc:subfield>
	</marc:datafield>
	<marc:datafield ind1=" " ind2=" " tag="035">
		<marc:subfield code="a">(OCoLC)34099062</marc:subfield>
	</marc:datafield>
	<marc:datafield ind1=" " ind2=" " tag="035">
		<marc:subfield code="a">(CStRLIN)PAUG87-B2962</marc:subfield>
	</marc:datafield>
	<marc:datafield ind1=" " ind2=" " tag="035">
		<marc:subfield code="a">(CaOTULAS)185132035</marc:subfield>
	</marc:datafield>
	<marc:datafield ind1=" " ind2=" " tag="035">
		<marc:subfield code="9">AAJ3815</marc:subfield>
	</marc:datafield>
	<marc:datafield ind1=" " ind2=" " tag="035">
		<marc:subfield code="a">73732</marc:subfield>
	</marc:datafield>
	<marc:datafield ind1=" " ind2=" " tag="035">
		<marc:subfield code="a">(PU)73732-penndb-Voyager</marc:subfield>
	</marc:datafield>
	<marc:datafield ind1=" " ind2=" " tag="035">
		<marc:subfield code="a">(PennHoldings) 91642</marc:subfield>
	</marc:datafield>
	<marc:datafield ind1=" " ind2=" " tag="040">
		<marc:subfield code="a">PU</marc:subfield>
		<marc:subfield code="c">PU</marc:subfield>
	</marc:datafield>
	<marc:datafield ind1="1" ind2=" " tag="041">
		<marc:subfield code="a">eng</marc:subfield>
		<marc:subfield code="h">fre</marc:subfield>
	</marc:datafield>
	<marc:datafield ind1=" " ind2=" " tag="090">
		<marc:subfield code="a">PQ2011.T4</marc:subfield>
		<marc:subfield code="b">E5 1797</marc:subfield>
		<marc:subfield code="i">02/03/87 CT</marc:subfield>
	</marc:datafield>
	<marc:datafield ind1="1" ind2=" " tag="100">
		<marc:subfield code="a">Montesquieu, Charles de Secondat,</marc:subfield>
		<marc:subfield code="c">baron de,</marc:subfield>
		<marc:subfield code="d">1689-1755.</marc:subfield>
	</marc:datafield>
	<marc:datafield ind1="1" ind2="0" tag="240">
		<marc:subfield code="a">Temple de Gnide.</marc:subfield>
		<marc:subfield code="l">English</marc:subfield>
	</marc:datafield>
	<marc:datafield ind1="1" ind2="4" tag="245">
		<marc:subfield code="a">The Temple of Gnidus :</marc:subfield>
		<marc:subfield code="b">and Arsaces and Ismenia /</marc:subfield>
		<marc:subfield code="c">translated from the French of Charles de Secondat, Baron de Montesquieu ...</marc:subfield>
	</marc:datafield>
	<marc:datafield ind1=" " ind2=" " tag="246">
		<marc:subfield code="a">The temple of Gnidus, and Arsaces and Ismenia. Translated from the French of Charles de Secondat, Baron de Montesquieu, Author of the Spirit of Laws, Persian letters, &amp;c &amp;c.</marc:subfield>
		<marc:subfield code="d">Letter-press</marc:subfield>
		<marc:subfield code="g">Full</marc:subfield>
		<marc:subfield code="x">Work</marc:subfield>
	</marc:datafield>
	<marc:datafield ind1=" " ind2=" " tag="246">
		<marc:subfield code="a">The temple of Gnidus.</marc:subfield>
		<marc:subfield code="d">Letter-press</marc:subfield>
		<marc:subfield code="g">Half</marc:subfield>
		<marc:subfield code="x">Section</marc:subfield>
	</marc:datafield>
	<marc:datafield ind1=" " ind2=" " tag="246">
		<marc:subfield code="a">Arsaces and Ismenia: An Eastern story.</marc:subfield>
		<marc:subfield code="d">Letter-press</marc:subfield>
		<marc:subfield code="g">Half</marc:subfield>
		<marc:subfield code="x">Section</marc:subfield>
	</marc:datafield>
	<marc:datafield ind1=" " ind2=" " tag="260">
		<marc:subfield code="a">London</marc:subfield>
		<marc:subfield code="b">Printed for J. Wright, opposite Old Bon Street, Piccadilly.</marc:subfield>
		<marc:subfield code="c">1797</marc:subfield>
		<marc:subfield code="c">1797.</marc:subfield>
	</marc:datafield>
	<marc:datafield ind1=" " ind2=" " tag="300">
		<marc:subfield code="a">[2], viii, [1], 10-225, [1] p. ;</marc:subfield>
		<marc:subfield code="c">16 cm. (8vo)</marc:subfield>
		<marc:subfield code="x">Octavo</marc:subfield>
	</marc:datafield>
	<marc:datafield ind1=" " ind2=" " tag="500">
		<marc:subfield code="a">Translations of: Le temple de Gnide, and Arsace et Ismenie.</marc:subfield>
	</marc:datafield>
	<marc:datafield ind1="4" ind2=" " tag="510">
		<marc:subfield code="a">ESTC (RLIN)</marc:subfield>
		<marc:subfield code="c">T89823</marc:subfield>
	</marc:datafield>
	<marc:datafield ind1="4" ind2=" " tag="510">
		<marc:subfield code="a">Block, A.  Engl. novel (1961 ed.),</marc:subfield>
		<marc:subfield code="c">p.164</marc:subfield>
	</marc:datafield>
	<marc:datafield ind1=" " ind2=" " tag="520">
		<marc:subfield code="a">Preface</marc:subfield>
		<marc:subfield code="b">Preface. By the French translator.</marc:subfield>
		<marc:subfield code="c">Front</marc:subfield>
		<marc:subfield code="x">First paragraph: "An ambassador from the court of France to the Ottoman Porte, distinguished by his taste for letters, having purchased several Greek manuscripts, brought them with him into France. Some of these manuscripts having fallen into my hands, I found among them the work of which I here give a translation."</marc:subfield>
	</marc:datafield>
	<marc:datafield ind1=" " ind2=" " tag="520">
		<marc:subfield code="a">Note</marc:subfield>
		<marc:subfield code="c">Middle</marc:subfield>
		<marc:subfield code="x">Reads: "As the following piece seems to be the production of the same author, I have thought proper to translate it, and to put it here."</marc:subfield>
	</marc:datafield>
	<marc:datafield ind1=" " ind2=" " tag="520">
		<marc:subfield code="a">Advertisement</marc:subfield>
		<marc:subfield code="b">Advertisement by the French Editor:</marc:subfield>
		<marc:subfield code="c">Middle</marc:subfield>
		<marc:subfield code="x">First sentence: "M. de Montesquieu had been at great pains to ascertain the limits between despotism and well-regulated monarchy, which seemed to him the true state of the French government."</marc:subfield>
	</marc:datafield>
	<marc:datafield ind1=" " ind2=" " tag="520">
		<marc:subfield code="a">Footnotes</marc:subfield>
		<marc:subfield code="c">Middle</marc:subfield>
		<marc:subfield code="x">Located on p. 153. Reads: "Those unacquainted with eastern history may consider it as an impropriety in Montesquieu to have made his hero so young: But Nature there, cherished by the warmth of the climate, shoots up with amazing celerity; and the records of Hindostan inform us, that the Sons of Shah Jehan one of the Mogul Sovereigns, commanded armies at twelve years of age."</marc:subfield>
	</marc:datafield>
	<marc:datafield ind1=" " ind2=" " tag="591">
		<marc:subfield code="a">----Non murmura vestra columbae ---Brachia non hederae, non vincant oscula conchae.</marc:subfield>
		<marc:subfield code="1">Frag. of an Epithal.</marc:subfield>
		<marc:subfield code="d">Let not the doves outpass your murmurings, Or ivy-clasping arms, or oyster-kissings.</marc:subfield>
		<marc:subfield code="x">Translation provided in "The Anatomy of Melancholy: What it is, with all kinds, causes, symptoms, prognostics, and several cures of it." by Robert Burton, 1847. Google Book.</marc:subfield>
	</marc:datafield>
	<marc:datafield ind1=" " ind2=" " tag="592">
		<marc:subfield code="a">First-person</marc:subfield>
	</marc:datafield>
	<marc:datafield ind1=" " ind2=" " tag="596">
		<marc:subfield code="a">Translation</marc:subfield>
		<marc:subfield code="b">Title Page</marc:subfield>
		<marc:subfield code="c">French</marc:subfield>
		<marc:subfield code="e">Translated from the French of Charles de Secondat, Baron de Montesquieu, author of the Spirit of laws, Persian letters, &amp;c. &amp;c.</marc:subfield>
	</marc:datafield>
	<marc:datafield ind1=" " ind2=" " tag="599">
		<marc:subfield code="a">Author (text)</marc:subfield>
		<marc:subfield code="b">Proper name</marc:subfield>
		<marc:subfield code="2">Translated from the French of Charles de Secondat, Baron de Montesquieu, Author of the Spirit of laws, Persian letters, &amp;c. &amp;c.</marc:subfield>
		<marc:subfield code="3">Title Page</marc:subfield>
		<marc:subfield code="5">Male</marc:subfield>
		<marc:subfield code="6">Male</marc:subfield>
	</marc:datafield>
	<marc:datafield ind1=" " ind2=" " tag="599">
		<marc:subfield code="a">Author (text)</marc:subfield>
		<marc:subfield code="b">Reference to other works</marc:subfield>
		<marc:subfield code="2">Translated from the French of Charles de Secondat, Baron de Montesquieu, Author of the Spirit of laws, Persian letters, &amp;c. &amp;c.</marc:subfield>
		<marc:subfield code="3">Title Page</marc:subfield>
		<marc:subfield code="5">Male</marc:subfield>
		<marc:subfield code="6">Male</marc:subfield>
	</marc:datafield>
	<marc:datafield ind1=" " ind2=" " tag="599">
		<marc:subfield code="a">Translator (text)</marc:subfield>
		<marc:subfield code="b">Generic/Descriptive</marc:subfield>
		<marc:subfield code="2">Preface. By the French translator.</marc:subfield>
		<marc:subfield code="3">Preface</marc:subfield>
		<marc:subfield code="5">Unknown</marc:subfield>
		<marc:subfield code="6">Indeterminate</marc:subfield>
	</marc:datafield>
	<marc:datafield ind1=" " ind2=" " tag="599">
		<marc:subfield code="a">Author (paratext)</marc:subfield>
		<marc:subfield code="b">Generic/Descriptive</marc:subfield>
		<marc:subfield code="2">Preface. By the French translator.</marc:subfield>
		<marc:subfield code="3">Preface</marc:subfield>
		<marc:subfield code="5">Unknown</marc:subfield>
		<marc:subfield code="6">Indeterminate</marc:subfield>
	</marc:datafield>
	<marc:datafield ind1=" " ind2=" " tag="599">
		<marc:subfield code="a">Author (paratext)</marc:subfield>
		<marc:subfield code="b">Generic/Descriptive</marc:subfield>
		<marc:subfield code="2">Advertisement by the French editor.</marc:subfield>
		<marc:subfield code="3">Advertisement</marc:subfield>
		<marc:subfield code="5">Unknown</marc:subfield>
		<marc:subfield code="6">Indeterminate</marc:subfield>
	</marc:datafield>
	<marc:datafield ind1=" " ind2=" " tag="599">
		<marc:subfield code="a">Editor (text)</marc:subfield>
		<marc:subfield code="b">Generic/Descriptive</marc:subfield>
		<marc:subfield code="2">Advertisement by the French editor.</marc:subfield>
		<marc:subfield code="3">Advertisement</marc:subfield>
		<marc:subfield code="5">Unknown</marc:subfield>
		<marc:subfield code="6">Indeterminate</marc:subfield>
	</marc:datafield>
	<marc:datafield ind1=" " ind2="4" tag="650">
		<marc:subfield code="a">CHR 1797</marc:subfield>
	</marc:datafield>
	<marc:datafield ind1=" " ind2="4" tag="650">
		<marc:subfield code="a">PRO Burr, Charles W. (Charles Walts), 1861- (donor)</marc:subfield>
	</marc:datafield>
	<marc:datafield ind1="1" ind2=" " tag="700">
		<marc:subfield code="a">Montesquieu, Charles de Secondat,</marc:subfield>
		<marc:subfield code="d">1689-1755.</marc:subfield>
	</marc:datafield>
	<marc:datafield ind1=" " ind2=" " tag="700">
		<marc:subfield code="a">Montesquieu, Charles de Secondat, baron de</marc:subfield>
		<marc:subfield code="d">1689-1755</marc:subfield>
		<marc:subfield code="4">Author (text)</marc:subfield>
		<marc:subfield code="5">Authorized</marc:subfield>
	</marc:datafield>
	<marc:datafield ind1=" " ind2=" " tag="700">
		<marc:subfield code="a">Wright, J. (John)</marc:subfield>
		<marc:subfield code="d">1770?-1844</marc:subfield>
		<marc:subfield code="4">Printed for</marc:subfield>
		<marc:subfield code="5">Authorized</marc:subfield>
	</marc:datafield>
	<marc:datafield ind1="0" ind2="2" tag="740">
		<marc:subfield code="a">Arsaces and Ismenia.</marc:subfield>
	</marc:datafield>
	<marc:datafield ind1=" " ind2=" " tag="752">
		<marc:subfield code="a">England</marc:subfield>
		<marc:subfield code="d">London.</marc:subfield>
	</marc:datafield>
	<marc:datafield ind1="2" ind2=" " tag="710">
		<marc:subfield code="a">Collection of British and American Fiction, 1660-1830 (University of Pennsylvania)</marc:subfield>
		<marc:subfield code="5">PU</marc:subfield>
	</marc:datafield>
	<marc:datafield ind1="2" ind2=" " tag="710">
		<marc:subfield code="a">Early Novels</marc:subfield>
		<marc:subfield code="5">University of Pennsylvania</marc:subfield>
	</marc:datafield>
	<marc:datafield ind1=" " ind2=" " tag="950">
		<marc:subfield code="l">RBC</marc:subfield>
		<marc:subfield code="i">02/03/87 C</marc:subfield>
	</marc:datafield>
	<marc:datafield ind1=" " ind2=" " tag="955">
		<marc:subfield code="l">RBC</marc:subfield>
		<marc:subfield code="c">1</marc:subfield>
		<marc:subfield code="q">831200</marc:subfield>
		<marc:subfield code="s">g. Chas. W. Burr</marc:subfield>
		<marc:subfield code="i">02/03/87 C</marc:subfield>
	</marc:datafield>
	<marc:datafield ind1=" " ind2=" " tag="989">
		<marc:subfield code="2">Temple</marc:subfield>
		<marc:subfield code="4">Gnidus</marc:subfield>
		<marc:subfield code="5">Arsaces</marc:subfield>
		<marc:subfield code="5">Ismenia</marc:subfield>
		<marc:subfield code="6">Translate</marc:subfield>
		<marc:subfield code="2">French</marc:subfield>
		<marc:subfield code="5">Charles de SEcondat, Baron de Montesquieu</marc:subfield>
		<marc:subfield code="2">Author</marc:subfield>
		<marc:subfield code="1">Spirit of laws</marc:subfield>
		<marc:subfield code="1">Persian letters</marc:subfield>
		<marc:subfield code="3">Eastern</marc:subfield>
		<marc:subfield code="2">Story</marc:subfield>
	</marc:datafield>
	<marc:datafield ind1=" " ind2=" " tag="999">
		<marc:subfield code="a">SH</marc:subfield>
		<marc:subfield code="b">Swarthmore College</marc:subfield>
		<marc:subfield code="c">7/16/18</marc:subfield>
		<marc:subfield code="d">OF</marc:subfield>
	</marc:datafield>
</marc:record>