
<marc:record>
	<marc:leader>01493cam a2200385 a 4500</marc:leader>
	<marc:controlfield tag="005">20141119164129.0</marc:controlfield>
	<marc:controlfield tag="008">861105s1796    enk           00000 eng d</marc:controlfield>
	<marc:controlfield tag="001">99860963503681</marc:controlfield>
	<marc:datafield ind1=" " ind2=" " tag="035">
		<marc:subfield code="a">(OCoLC)ocm81423004</marc:subfield>
	</marc:datafield>
	<marc:datafield ind1=" " ind2=" " tag="035">
		<marc:subfield code="a">(OCoLC)81423004</marc:subfield>
	</marc:datafield>
	<marc:datafield ind1=" " ind2=" " tag="035">
		<marc:subfield code="a">(CStRLIN)PAUG86-B47343</marc:subfield>
	</marc:datafield>
	<marc:datafield ind1=" " ind2=" " tag="035">
		<marc:subfield code="a">(CaOTULAS)185141182</marc:subfield>
	</marc:datafield>
	<marc:datafield ind1=" " ind2=" " tag="035">
		<marc:subfield code="9">AAK7636</marc:subfield>
	</marc:datafield>
	<marc:datafield ind1=" " ind2=" " tag="035">
		<marc:subfield code="a">86096</marc:subfield>
	</marc:datafield>
	<marc:datafield ind1=" " ind2=" " tag="035">
		<marc:subfield code="a">(PU)86096-penndb-Voyager</marc:subfield>
	</marc:datafield>
	<marc:datafield ind1=" " ind2=" " tag="035">
		<marc:subfield code="a">(PennHoldings)107313</marc:subfield>
	</marc:datafield>
	<marc:datafield ind1=" " ind2=" " tag="040">
		<marc:subfield code="a">PU</marc:subfield>
		<marc:subfield code="c">PU</marc:subfield>
	</marc:datafield>
	<marc:datafield ind1="1" ind2=" " tag="041">
		<marc:subfield code="a">eng</marc:subfield>
		<marc:subfield code="h">dut</marc:subfield>
	</marc:datafield>
	<marc:datafield ind1=" " ind2=" " tag="090">
		<marc:subfield code="a">PT5600.A1</marc:subfield>
		<marc:subfield code="b">G76 1796</marc:subfield>
		<marc:subfield code="i">11/06/86 CT</marc:subfield>
	</marc:datafield>
	<marc:datafield ind1="0" ind2=" " tag="130">
		<marc:subfield code="a">Grootmoedige en heldhaftiqe Hollandsche Amasoon.</marc:subfield>
		<marc:subfield code="l">English.</marc:subfield>
		<marc:subfield code="f">1796.</marc:subfield>
	</marc:datafield>
	<marc:datafield ind1="0" ind2="4" tag="245">
		<marc:subfield code="a">The magnanimous Amazon, or, Adventures of Theresia, Baroness von Hoog :</marc:subfield>
		<marc:subfield code="b">with anecdotes of other eccentric persons.</marc:subfield>
	</marc:datafield>
	<marc:datafield ind1=" " ind2=" " tag="246">
        <marc:subfield code="a">The magnanimous Amazon.</marc:subfield>
        <marc:subfield code="d">Letter-press</marc:subfield>
        <marc:subfield code="g">Half</marc:subfield>
        <marc:subfield code="x">Work</marc:subfield>
    </marc:datafield>
    <marc:datafield ind1=" " ind2=" " tag="246">
        <marc:subfield code="a">The M=magnanimous Amazon; or, Adventures of Theresia, Baroness Van Hoog. With anecdotes of other eccentric persons.</marc:subfield>
        <marc:subfield code="d">Letter-press</marc:subfield>
        <marc:subfield code="g">Full</marc:subfield>
        <marc:subfield code="x">Work</marc:subfield>
    </marc:datafield>
    <marc:datafield ind1="0" ind2="7" tag="246">
        <marc:subfield code="a">The magnanimous Amazon.</marc:subfield>
    </marc:datafield>
    <marc:datafield ind1="0" ind2="7" tag="246">
        <marc:subfield code="a">The magnanimous Amazon. (verso)</marc:subfield>
        <marc:subfield code="a">The magnanimous Amazon. (recto)</marc:subfield>
    </marc:datafield>
	<marc:datafield ind1=" " ind2=" " tag="260">
		<marc:subfield code="a">London</marc:subfield>
		<marc:subfield code="b">Printed for Vernor and Hood, Birchin Lane, Cornhill.</marc:subfield>
		<marc:subfield code="c">1796</marc:subfield>
		<marc:subfield code="c">1796.</marc:subfield>
	</marc:datafield>
	<marc:datafield ind1=" " ind2=" " tag="300">
		<marc:subfield code="a">x, [13]-348 p. ;</marc:subfield>
		<marc:subfield code="c">17 cm. (12mo)</marc:subfield>
		 <marc:subfield code="x">Duodecimo</marc:subfield>
	</marc:datafield>
	<marc:datafield ind1=" " ind2=" " tag="500">
		<marc:subfield code="a">Novel.</marc:subfield>
	</marc:datafield>
	<marc:datafield ind1=" " ind2=" " tag="500">
		<marc:subfield code="a">Translation of: De grootmoedige en heldhaftiqe Hollandsche Amasoon.</marc:subfield>
	</marc:datafield>
	<marc:datafield ind1=" " ind2=" " tag="500">
		<marc:subfield code="a">Transcription of price on half titlepage: "Price Three Shillings and Sixpence."</marc:subfield>
	</marc:datafield>
	<marc:datafield ind1=" " ind2=" " tag="500">
		<marc:subfield code="a">Incorrect page order: P.viii is misplaced with ix.</marc:subfield>
	</marc:datafield>
	<marc:datafield ind1="4" ind2=" " tag="510">
		<marc:subfield code="a">ESTC (RLIN)</marc:subfield>
		<marc:subfield code="c">T57450</marc:subfield>
	</marc:datafield>
	<marc:datafield ind1="4" ind2=" " tag="510">
		<marc:subfield code="a">Sabin,</marc:subfield>
		<marc:subfield code="c">95323</marc:subfield>
	</marc:datafield>
	<marc:datafield ind1="4" ind2=" " tag="510">
		<marc:subfield code="a">English novel, 1770-1829,</marc:subfield>
		<marc:subfield code="c">1796:14</marc:subfield>
	</marc:datafield>
	<marc:datafield ind1="4" ind2=" " tag="510">
		<marc:subfield code="a">Block, A.  Engl. novel (1961 ed.),</marc:subfield>
		<marc:subfield code="c">p.150</marc:subfield>
	</marc:datafield>
	<marc:datafield ind1=" " ind2=" " tag="520">
        <marc:subfield code="a">Preface</marc:subfield>
        <marc:subfield code="b">Preface.</marc:subfield>
        <marc:subfield code="c">Front</marc:subfield>
        <marc:subfield code="x">Transcription: "As the magnanimous Amazon, whose adventures occupy the following sheets, is not of English origin, it is necessary to inform the Reader by what means it came into the Publisher's hands.</marc:subfield>     
   	</marc:datafield>
   	<marc:datafield tag="592" ind1=" " ind2=" ">
        <marc:subfield code="a">Third-person</marc:subfield>
    </marc:datafield>
    <marc:datafield tag="595" ind1=" " ind2=" ">
        <marc:subfield code="a">Ink</marc:subfield>
        <marc:subfield code="b">Words</marc:subfield>
        <marc:subfield code="x">Located on back pastedown endpaper.Transcription: "T.H. No. 2344."</marc:subfield>
	</marc:datafield>
	<marc:datafield ind1=" " ind2=" " tag="590">
		<marc:subfield code="a">Imperfect: p. ix-x incorrectly bound between p. vi and vii.</marc:subfield>
	</marc:datafield>
	<marc:datafield ind1=" " ind2="4" tag="650">
		<marc:subfield code="a">CHR 1796</marc:subfield>
	</marc:datafield>
	<marc:datafield ind1=" " ind2="4" tag="650">
		<marc:subfield code="a">PRO Mendenhall, John C. (Donor)</marc:subfield>
	</marc:datafield>
	<marc:datafield ind1=" " ind2=" " tag="700">
        <marc:subfield code="a">Hood, Thomas</marc:subfield>
        <marc:subfield code="d">-1811</marc:subfield>
        <marc:subfield code="4">Printed for</marc:subfield>
        <marc:subfield code="5">Authorized</marc:subfield>
    </marc:datafield>
    <marc:datafield ind1=" " ind2=" " tag="700">
        <marc:subfield code="a">Vernor, Thomas</marc:subfield>
        <marc:subfield code="d">17..-1793</marc:subfield>
        <marc:subfield code="4">Printed for</marc:subfield>
        <marc:subfield code="5">Authorized</marc:subfield>
    </marc:datafield>
    <marc:datafield ind1=" " ind2=" " tag="710">
        <marc:subfield code="a">Vernor and Hood</marc:subfield>
        <marc:subfield code="4">Printed for</marc:subfield>
        <marc:subfield code="5">Authorized</marc:subfield>
    </marc:datafield>         
	<marc:datafield ind1="2" ind2=" " tag="710">
        <marc:subfield code="a">Early Novels</marc:subfield>
        <marc:subfield code="5">University of Pennsylvania</marc:subfield>
    </marc:datafield>
	<marc:datafield ind1="2" ind2=" " tag="710">
		<marc:subfield code="a">Collection of British and American Fiction, 1660-1830 (University of Pennsylvania)</marc:subfield>
		<marc:subfield code="5">PU</marc:subfield>
	</marc:datafield>
	<marc:datafield ind1="0" ind2="2" tag="740">
		<marc:subfield code="a">Adventures of Theresia, Baroness van Hoog.</marc:subfield>
	</marc:datafield>
	<marc:datafield ind1=" " ind2=" " tag="752">
		<marc:subfield code="a">England</marc:subfield>
		<marc:subfield code="d">London.</marc:subfield>
	</marc:datafield>
	<marc:datafield ind1=" " ind2=" " tag="950">
		<marc:subfield code="l">RBC</marc:subfield>
		<marc:subfield code="e">\\Singer-\Menden-\hall\</marc:subfield>
		<marc:subfield code="i">11/06/86 C</marc:subfield>
	</marc:datafield>
	<marc:datafield ind1=" " ind2=" " tag="955">
		<marc:subfield code="l">RBC</marc:subfield>
		<marc:subfield code="c">1</marc:subfield>
		<marc:subfield code="q">50-1004</marc:subfield>
		<marc:subfield code="q">g. Dr. John C. Mendenhall</marc:subfield>
		<marc:subfield code="i">11/06/86 C</marc:subfield>
	</marc:datafield>
	<marc:datafield tag="989" ind1=" " ind2=" "> 
        <marc:subfield code="2">Amazon</marc:subfield>
        <marc:subfield code="2">Adventure</marc:subfield>
        <marc:subfield code="2">Anecdote</marc:subfield>
        <marc:subfield code="2">Person</marc:subfield>
        <marc:subfield code="3">Magnanimous</marc:subfield>
        <marc:subfield code="3">Eccentric</marc:subfield>
        <marc:subfield code="3">Other</marc:subfield>
        <marc:subfield code="5">Theresia</marc:subfield>
        <marc:subfield code="5">Baronness Van Hoog</marc:subfield>
    </marc:datafield>
    <marc:datafield tag="999" ind1=" " ind2=" ">
		<marc:subfield code="a">IC</marc:subfield>
		<marc:subfield code="b">6/28/18</marc:subfield>
		<marc:subfield code="c">University of Pennsylvania</marc:subfield>
		<marc:subfield code="d">DPL</marc:subfield>
	</marc:datafield>
</marc:record>