

<marc:record>
	<marc:leader>01043cam a2200313   4500</marc:leader>
	<marc:controlfield tag="005">20141119164441.0</marc:controlfield>
	<marc:controlfield tag="008">861114s1796    enk           00011 eng  </marc:controlfield>
	<marc:controlfield tag="001">99868523503681</marc:controlfield>
	<marc:datafield ind1=" " ind2=" " tag="010">
		<marc:subfield code="a">   44027166 </marc:subfield>
	</marc:datafield>
	<marc:datafield ind1=" " ind2=" " tag="035">
		<marc:subfield code="a">(OCoLC)ocm06883452</marc:subfield>
	</marc:datafield>
	<marc:datafield ind1=" " ind2=" " tag="035">
		<marc:subfield code="a">(OCoLC)6883452</marc:subfield>
	</marc:datafield>
	<marc:datafield ind1=" " ind2=" " tag="035">
		<marc:subfield code="a">(CStRLIN)PAUG86-B48419</marc:subfield>
	</marc:datafield>
	<marc:datafield ind1=" " ind2=" " tag="035">
		<marc:subfield code="a">(CaOTULAS)185145292</marc:subfield>
	</marc:datafield>
	<marc:datafield ind1=" " ind2=" " tag="035">
		<marc:subfield code="9">AAK8414</marc:subfield>
	</marc:datafield>
	<marc:datafield ind1=" " ind2=" " tag="035">
		<marc:subfield code="a">86852</marc:subfield>
	</marc:datafield>
	<marc:datafield ind1=" " ind2=" " tag="035">
		<marc:subfield code="a">(PU)86852-penndb-Voyager</marc:subfield>
	</marc:datafield>
	<marc:datafield ind1=" " ind2=" " tag="035">
		<marc:subfield code="a">(PennHoldings) 108142</marc:subfield>
	</marc:datafield>
	<marc:datafield ind1=" " ind2=" " tag="040">
		<marc:subfield code="c">PU</marc:subfield>
		<marc:subfield code="d">PU</marc:subfield>
	</marc:datafield>
	<marc:datafield ind1="0" ind2=" " tag="050">
		<marc:subfield code="a">PZ3.S6445</marc:subfield>
		<marc:subfield code="b">Mar</marc:subfield>
	</marc:datafield>
	<marc:datafield ind1=" " ind2=" " tag="090">
		<marc:subfield code="a">PR3688.S4</marc:subfield>
		<marc:subfield code="b">M2 1796</marc:subfield>
		<marc:subfield code="i">11/14/86 CT</marc:subfield>
	</marc:datafield>
	<marc:datafield ind1="1" ind2="0" tag="100">
		<marc:subfield code="a">Smith, Charles Turner,</marc:subfield>
		<marc:subfield code="d">1749-1806.</marc:subfield>
	</marc:datafield>
	<marc:datafield ind1="1" ind2="0" tag="245">
		<marc:subfield code="a">Marchmont:</marc:subfield>
		<marc:subfield code="b">a novel.</marc:subfield>
		<marc:subfield code="c">By Charlotte Smith ...</marc:subfield>
	</marc:datafield>
	<marc:datafield ind1=" " ind2=" " tag="246">
	    <marc:subfield code="a">Marchmont: a novel. By Charlotte Smith. In four volumes. Vol. I.</marc:subfield>
		<marc:subfield code="d">Letter-press</marc:subfield>
		<marc:subfield code="g">Full</marc:subfield>
		<marc:subfield code="v">v.1</marc:subfield>
		<marc:subfield code="x">Volume</marc:subfield>
	</marc:datafield>
	<marc:datafield ind1=" " ind2=" " tag="246">
	    <marc:subfield code="a">Marchmont: a novel. By Charlotte Smith. In four volumes. Vol. II.</marc:subfield>
		<marc:subfield code="d">Letter-press</marc:subfield>
		<marc:subfield code="g">Full</marc:subfield>
		<marc:subfield code="v">v.2</marc:subfield>
		<marc:subfield code="x">Volume</marc:subfield>
	</marc:datafield>
	<marc:datafield ind1=" " ind2=" " tag="246">
	    <marc:subfield code="a">Marchmont: a novel. By Charlotte Smith. In four volumes. Vol. III.</marc:subfield>
		<marc:subfield code="d">Letter-press</marc:subfield>
		<marc:subfield code="g">Full</marc:subfield>
		<marc:subfield code="v">v.3</marc:subfield>
		<marc:subfield code="x">Volume</marc:subfield>
	</marc:datafield>
	<marc:datafield ind1=" " ind2=" " tag="246">
	    <marc:subfield code="a">Marchmont: a novel. By Charlotte Smith. In four volumes. Vol. IV.</marc:subfield>
		<marc:subfield code="d">Letter-press</marc:subfield>
		<marc:subfield code="g">Full</marc:subfield>
		<marc:subfield code="v">v.4</marc:subfield>
		<marc:subfield code="x">Volume</marc:subfield>
	</marc:datafield>
	<marc:datafield ind1="0" ind2="7" tag="246">
	    <marc:subfield code="a">Marchmont.</marc:subfield>
	</marc:datafield>
	<marc:datafield ind1="0" ind2="7" tag="246">
	    <marc:subfield code="a">Marchmont. (verso)</marc:subfield>
		<marc:subfield code="a">Marchmont. (recto)</marc:subfield>
	</marc:datafield>
	<marc:datafield ind1="0" ind2=" " tag="260">
		<marc:subfield code="a">London</marc:subfield>
		<marc:subfield code="b">Printed by and for Sampson Low, Berwick street, Soho.</marc:subfield>
		<marc:subfield code="c">1796</marc:subfield>
		<marc:subfield code="c">1796.</marc:subfield>
	</marc:datafield>
	<marc:datafield ind1=" " ind2=" " tag="300">
		<marc:subfield code="a">4 v. ;</marc:subfield>
		<marc:subfield code="c">17 cm.</marc:subfield>
		<marc:subfield code="x">Duodecimo</marc:subfield>
		<marc:subfield code="z">In four volumes.</marc:subfield>
	</marc:datafield>
	<marc:datafield ind1=" " ind2=" " tag="500">
		<marc:subfield code="a">Epigraphs at the start of every chapter.</marc:subfield>
	</marc:datafield>
	<marc:datafield ind1="4" ind2=" " tag="510">
		<marc:subfield code="a">ESTC (RLIN)</marc:subfield>
		<marc:subfield code="c">T70720</marc:subfield>
	</marc:datafield>
	<marc:datafield ind1="4" ind2=" " tag="510">
		<marc:subfield code="a">English novel, 1770-1829,</marc:subfield>
		<marc:subfield code="c">1796:82</marc:subfield>
	</marc:datafield>
	<marc:datafield ind1="4" ind2=" " tag="510">
		<marc:subfield code="a">Block, A.  Engl. novel (1961 ed.),</marc:subfield>
		<marc:subfield code="c">p. 220</marc:subfield>
	</marc:datafield>
	<marc:datafield ind1=" " ind2=" " tag="520">
	    <marc:subfield code="a">Preface</marc:subfield>
		<marc:subfield code="b">Preface.</marc:subfield>
		<marc:subfield code="c">Front</marc:subfield>
		<marc:subfield code="v">v.1</marc:subfield>
		<marc:subfield code="x">Transcription of first sentence: "Few things perhaps are more difficult than to write a preface well, and it is perhaps equally true that no part of a book is so little read."</marc:subfield>
	</marc:datafield>
	<marc:datafield ind1=" " ind2=" " tag="520">
	    <marc:subfield code="a">Errata</marc:subfield>
		<marc:subfield code="b">Erratum.</marc:subfield>
		<marc:subfield code="c">Front</marc:subfield>
		<marc:subfield code="v">v.1</marc:subfield>
		<marc:subfield code="x">Located on last page of Preface. Full transcription: "Page 74, for "1794," read "1793.""</marc:subfield>
	</marc:datafield>
	<marc:datafield ind1=" " ind2=" " tag="520">
		<marc:subfield code="a">Footnotes</marc:subfield>
		<marc:subfield code="c">Middle</marc:subfield>
		<marc:subfield code="v">v.2</marc:subfield>
		<marc:subfield code="x">Located on pgs. 156, 158, 238, 246, 247.</marc:subfield>
	</marc:datafield>
	<marc:datafield ind1=" " ind2=" " tag="520">
		<marc:subfield code="a">Footnotes</marc:subfield>
		<marc:subfield code="c">Middle</marc:subfield>
		<marc:subfield code="v">v.3</marc:subfield>
		<marc:subfield code="x">Located on pgs. 95, 174.</marc:subfield>
	</marc:datafield>
	<marc:datafield ind1=" " ind2=" " tag="520">
		<marc:subfield code="a">Footnotes</marc:subfield>
		<marc:subfield code="c">Middle</marc:subfield>
		<marc:subfield code="v">v.4</marc:subfield>
		<marc:subfield code="x">Located on pgs. 52, 59, 67, 95, 104, 119, 175, 176, 183, 340, 345,.</marc:subfield>
	</marc:datafield>
	<marc:datafield ind1=" " ind2=" " tag="520">
		<marc:subfield code="a">Poem</marc:subfield>
		<marc:subfield code="b">Descriptive ode.</marc:subfield>
		<marc:subfield code="c">Middle</marc:subfield>
		<marc:subfield code="v">v.4</marc:subfield>
		<marc:subfield code="x">Subtitle: "Written among the ruins of the old church, on the west side of Portland; above which are ruins called Bow-and-Arrow, or Rufus's Castle." First stanza: "Chaotic pile, of barren stone, ---That nature's hurrying hand has thrown, ---Half-finish'd, from the troubled waves; ---On whose rude brow the rifted tow'r ---Has scowl'd through many a stormy hour ---On this drear site of tempest-beaten graves!"</marc:subfield>
	</marc:datafield>
	<marc:datafield ind1=" " ind2=" " tag="520">
		<marc:subfield code="a">Poem</marc:subfield>
		<marc:subfield code="b">Lines.</marc:subfield>
		<marc:subfield code="c">Middle</marc:subfield>
		<marc:subfield code="v">v.4</marc:subfield>
		<marc:subfield code="x">Subtitle: "Written in the New Forst in early spring." Transcription: "As in the woods, where leathery lichen weaves ---Its wintry web, among the sallow leaves, ---Which (through cold months in whirling eddies blown) ---Decay beneath the branches once their own, ---From the brown shelter of their foliage sear, ---Spring the young blooms that lead the floral year:-- ---When wak'd by vernal suns, the Pilewort dares ---Expand her spotted leaves, and shining stars, ---And (veins empurpling all her tassels pale) ---Bends the soft Wind-flower in the tepid gale, ---Uncultured bells of azure Jacynths blow, ---And the breeze-scenting Violent lurks below:--So views the wanderer, with delighted eyes, ---Reviving hopes from blank despondence rise, ---When, blighted by adversity's chill breath, ---Those hopes had felt a temporary death; ---Then with gay heart he looks to future hours, ---When love shall dress for him the summer bower! ---And delicious dreams enchant his mind, ---Forget his sorrow's past, and gives them to the wind."</marc:subfield>
	</marc:datafield>
	<marc:datafield ind1=" " ind2=" " tag="592">
	    <marc:subfield code="a">Third-person</marc:subfield>
		<marc:subfield code="b">Letters</marc:subfield>
		<marc:subfield code="c">Poems</marc:subfield>
	</marc:datafield>
	<marc:datafield ind1=" " ind2=" " tag="599">
	    <marc:subfield code="a">Author (text)</marc:subfield>
		<marc:subfield code="b">Proper name</marc:subfield>
		<marc:subfield code="2">By Charlotte Smith</marc:subfield>
		<marc:subfield code="3">Title page</marc:subfield>
		<marc:subfield code="5">Female</marc:subfield>
		<marc:subfield code="6">Female</marc:subfield>
	</marc:datafield>
	<marc:datafield ind1=" " ind2="4" tag="650">
		<marc:subfield code="a">CHR 1796</marc:subfield>
	</marc:datafield>
	<marc:datafield ind1=" " ind2=" " tag="656">
	    <marc:subfield code="a">Mixed Genre</marc:subfield>
		<marc:subfield code="b">Back</marc:subfield>
		<marc:subfield code="c">Same publisher</marc:subfield>
		<marc:subfield code="v">v.4</marc:subfield>
		<marc:subfield code="x">On second page of advertisements reads: "Mrs. Smith takes this occasion of informing the subscribers to the second volume of poems, with a portrait and engravings, that her domestic misfortunes, and personal ill health, together with difficulties that arose in procuring a likeness, have unavoidably delayed the publication of the work greatly beyond the time when it was intended to appear; but it is now in such forwardness, and the ornamental parts are in such hands, that she hopes in a very short time to fulfil her engagements with the public." Second part: "Oct. 31, 1796. Sampson Low, printer, No. 7, Berwick Street, Soho, London, Very respectfully returns his acknowledgements to his friends for their kind support:--he begs leave to inform the nobility and gentry he executes in every branch printing with expedition, and in that manner which he flatters himself will recommend him to their notice."</marc:subfield>
	</marc:datafield>
	<marc:datafield ind1=" " ind2=" " tag="700">
	    <marc:subfield code="a">Smith, Charlotte</marc:subfield>
		<marc:subfield code="d">1749-1806</marc:subfield>
		<marc:subfield code="4">Author (text)</marc:subfield>
		<marc:subfield code="5">Authorized</marc:subfield>
	</marc:datafield>
	<marc:datafield ind1=" " ind2=" " tag="700">
	    <marc:subfield code="a">Low, Sampson</marc:subfield>
		<marc:subfield code="d">?-1800</marc:subfield>
		<marc:subfield code="4">Printed by</marc:subfield>
		<marc:subfield code="5">Authorized</marc:subfield>
	</marc:datafield>
	<marc:datafield ind1="2" ind2=" " tag="710">
		<marc:subfield code="a">Collection of British and American Fiction, 1660-1830 (University of Pennsylvania)</marc:subfield>
		<marc:subfield code="5">PU</marc:subfield>
	</marc:datafield>
	<marc:datafield ind1="2" ind2=" " tag="710">
		<marc:subfield code="a">Early Novels</marc:subfield>
		<marc:subfield code="5">University of Pennsylvania</marc:subfield>
	</marc:datafield>
	<marc:datafield ind1=" " ind2=" " tag="950">
		<marc:subfield code="l">RBC</marc:subfield>
		<marc:subfield code="e">\\Singer-\Menden-\hall\</marc:subfield>
		<marc:subfield code="v">4 v.</marc:subfield>
		<marc:subfield code="i">11/14/86 C</marc:subfield>
	</marc:datafield>
	<marc:datafield ind1=" " ind2=" " tag="955">
		<marc:subfield code="l">RBC</marc:subfield>
		<marc:subfield code="c">1:(v.1-4)</marc:subfield>
		<marc:subfield code="q">50-1360</marc:subfield>
		<marc:subfield code="q">g. Dr. John C. Mendenhall</marc:subfield>
		<marc:subfield code="i">11/14/86 C</marc:subfield>
	</marc:datafield>
	<marc:datafield ind1=" " ind2=" " tag="989">
	    <marc:subfield code="2">Novel</marc:subfield>
		<marc:subfield code="2">Volume</marc:subfield>
		<marc:subfield code="3">Four</marc:subfield>
		<marc:subfield code="4">Marchmont</marc:subfield>
		<marc:subfield code="5">Charlotte Smith</marc:subfield>
	</marc:datafield>
	<marc:datafield ind1=" " ind2=" " tag="999">
	    <marc:subfield code="a">OF</marc:subfield>
		<marc:subfield code="b">7/2/18</marc:subfield>
		<marc:subfield code="c">Carnegie Mellon University</marc:subfield>
		<marc:subfield code="d">DPL</marc:subfield>
	</marc:datafield>
</marc:record>