<marc:record>
	<marc:leader>01372cam a2200337 i 4500</marc:leader>
	<marc:controlfield tag="005">20141119164459.0</marc:controlfield>
	<marc:controlfield tag="008">861117s1797    enk           00011 eng d</marc:controlfield>
	<marc:controlfield tag="001">99869113503681</marc:controlfield>
	<marc:datafield ind1=" " ind2=" " tag="035">
		<marc:subfield code="a">(OCoLC)ocm02587988</marc:subfield>
	</marc:datafield>
	<marc:datafield ind1=" " ind2=" " tag="035">
		<marc:subfield code="a">(OCoLC)2587988</marc:subfield>
	</marc:datafield>
	<marc:datafield ind1=" " ind2=" " tag="035">
		<marc:subfield code="a">(CStRLIN)PAUG86-B48491</marc:subfield>
	</marc:datafield>
	<marc:datafield ind1=" " ind2=" " tag="035">
		<marc:subfield code="9">AAK8474</marc:subfield>
	</marc:datafield>
	<marc:datafield ind1=" " ind2=" " tag="035">
		<marc:subfield code="a">86911</marc:subfield>
	</marc:datafield>
	<marc:datafield ind1=" " ind2=" " tag="035">
		<marc:subfield code="a">(PU)86911-penndb-Voyager</marc:subfield>
	</marc:datafield>	
	<marc:datafield ind1=" " ind2=" " tag="035">
		<marc:subfield code="a">(PennHoldings)108215</marc:subfield>
	</marc:datafield>
	<marc:datafield ind1=" " ind2=" " tag="040">
		<marc:subfield code="a">OOxM</marc:subfield>
		<marc:subfield code="c">OOxM</marc:subfield>
		<marc:subfield code="d">CtY</marc:subfield>
		<marc:subfield code="d">PU</marc:subfield>
	</marc:datafield>
	<marc:datafield ind1=" " ind2=" " tag="090">
		<marc:subfield code="a">PR5202</marc:subfield>
		<marc:subfield code="b">.I8 1797</marc:subfield>
		<marc:subfield code="i">11/17/86 CT</marc:subfield>
	</marc:datafield>
	<marc:datafield ind1="1" ind2=" " tag="100">
		<marc:subfield code="a">Radcliffe, Ann Ward,</marc:subfield>
		<marc:subfield code="d">1764-1823.</marc:subfield>
	</marc:datafield>
	<marc:datafield ind1="1" ind2="4" tag="245">
		<marc:subfield code="a">The Italian, or, The confessional of the black penitents.</marc:subfield>
		<marc:subfield code="b">a romance /</marc:subfield>
		<marc:subfield code="c">by Ann Radcliffe ...</marc:subfield>
	</marc:datafield>
	<marc:datafield ind1=" " ind2=" " tag="246" >
        <marc:subfield code="a">The Italian, or The confessional of the black penitents. A romance. By Ann Radcliffe, author of the Mysteries of Udolpho, &amp;c. &amp;c. In three volumes. Vol. I.</marc:subfield>
        <marc:subfield code="d">Letter-press</marc:subfield>
        <marc:subfield code="g">Full</marc:subfield>
        <marc:subfield code="x">Volume</marc:subfield>
        <marc:subfield code="v">v.1</marc:subfield>
    </marc:datafield>
    <marc:datafield ind1=" " ind2=" " tag="246" >
        <marc:subfield code="a">The Italian, or The confessional of the black penitents. A romance. By Ann Radcliffe, author of the Mysteries of Udolpho, &amp;c. &amp;c. In three volumes. Vol. II.</marc:subfield>
        <marc:subfield code="d">Letter-press</marc:subfield>
        <marc:subfield code="g">Full</marc:subfield>
        <marc:subfield code="x">Volume</marc:subfield>
        <marc:subfield code="v">v.2</marc:subfield>
    </marc:datafield>
    <marc:datafield ind1=" " ind2=" " tag="246" >
        <marc:subfield code="a">The Italian, or The confessional of the black penitents. A romance. By Ann Radcliffe, author of the Mysteries of Udolpho, &amp;c. &amp;c. In three volumes. Vol. III.</marc:subfield>
        <marc:subfield code="d">Letter-press</marc:subfield>
        <marc:subfield code="g">Full</marc:subfield>
        <marc:subfield code="x">Volume</marc:subfield>
        <marc:subfield code="v">v.3</marc:subfield>
    </marc:datafield>
	<marc:datafield ind1=" " ind2=" " tag="260">
		<marc:subfield code="a">London</marc:subfield>
		<marc:subfield code="b">Printed for T. Cadell Jun. and W. Davies (successors to Mr. Cadell) in the Strand.</marc:subfield>
		<marc:subfield code="c">1797.</marc:subfield>
		<marc:subfield code="c">1797</marc:subfield>
	</marc:datafield>
	<marc:datafield ind1=" " ind2=" " tag="300">
		<marc:subfield code="a">3 v. ;</marc:subfield>
		<marc:subfield code="c">17 cm. (12mo)</marc:subfield>
		<marc:subfield code="x">Duodecimo</marc:subfield>
		<marc:subfield code="z">In three volumes</marc:subfield>
	</marc:datafield>
	<marc:datafield ind1=" " ind2=" " tag="500">
		<marc:subfield code="a">Advertisements on 24 p. at end of vol. 3</marc:subfield>
	</marc:datafield>
	<marc:datafield ind1=" " ind2=" " tag="500">
		<marc:subfield code="a">v.1 title page is missing the "The" from "The Italian".</marc:subfield>
	</marc:datafield>
	<marc:datafield ind1=" " ind2=" " tag="500">
		<marc:subfield code="a">All three volumes have bookplate in front paste-down endpaper, transcription: "The Edwin Forrest Home. Philadephia, Pa. Section 14 Shelf 3"</marc:subfield>
	</marc:datafield>
	<marc:datafield ind1="4" ind2=" " tag="510">
		<marc:subfield code="a">ESTC (RLIN)</marc:subfield>
		<marc:subfield code="c">T62064</marc:subfield>
	</marc:datafield>
	<marc:datafield ind1="4" ind2=" " tag="510">
		<marc:subfield code="a">English novel, 1770-1829,</marc:subfield>
		<marc:subfield code="c">1797: 70</marc:subfield>
	</marc:datafield>
	<marc:datafield ind1="4" ind2=" " tag="510">
		<marc:subfield code="a">Block, A.  Engl. novel (1961 ed.),</marc:subfield>
		<marc:subfield code="c">p. 193</marc:subfield>
	</marc:datafield>
	<marc:datafield ind1=" " ind2=" " tag="520" >
        <marc:subfield code="a">Preface</marc:subfield>
        <marc:subfield code="b">The Italian, of the confessional of black penitents.</marc:subfield>
        <marc:subfield code="c">Front</marc:subfield>
        <marc:subfield code="v">v.1</marc:subfield>
        <marc:subfield code="x">Transcription of first sentence: "About the year 1764, some English travellers in Italy, during one of their excursions in the environs of Naples, happened to stop before the portico of the Santa Maria del Pianto, a church belonging to a very ancient convent of the order of the Black Penitents."</marc:subfield>     
   	</marc:datafield>
   	<marc:datafield ind1=" " ind2=" " tag="591">
        <marc:subfield code="a">He, wrapt in clouds of mystery and silence,--- Broods o'er his passions, bodies them in deeds,--- And sends them forth on wings of Fate to others:--- Like the invisible will, that guides us,--- Unheard, unknown, unsearchable!</marc:subfield>
        <marc:subfield code="b">The Italian, or the confessional of the black penitents.</marc:subfield>            
        <marc:subfield code="c">Ann Radcliffe</marc:subfield>            
        <marc:subfield code="v">v.1</marc:subfield>
        <marc:subfield code="v">v.2</marc:subfield>
        <marc:subfield code="v">v.3</marc:subfield>
    </marc:datafield>
   	<marc:datafield ind1=" " ind2=" " tag="592">
        <marc:subfield code="a">Third-person</marc:subfield>
    </marc:datafield>
	<marc:datafield ind1=" " ind2=" " tag="594">
		<marc:subfield code="a">[Mr.?] Campbell</marc:subfield>
		<marc:subfield code="b">Ink</marc:subfield>
		<marc:subfield code="x">Located on title page.</marc:subfield>
		<marc:subfield code="v">v.2</marc:subfield>
	</marc:datafield>
    <marc:datafield ind1=" " ind2=" " tag="599">
        <marc:subfield code="a">Author (text)</marc:subfield>
        <marc:subfield code="b">Proper name</marc:subfield>
        <marc:subfield code="2">By Ann Radcliffe</marc:subfield>
        <marc:subfield code="3">Title Page</marc:subfield>
        <marc:subfield code="5">Female</marc:subfield>
        <marc:subfield code="6">Female</marc:subfield>
    </marc:datafield>     
    <marc:datafield ind1=" " ind2=" " tag="599">
        <marc:subfield code="a">Author (text)</marc:subfield>
        <marc:subfield code="b">Reference to other works</marc:subfield>
        <marc:subfield code="2">By Ann Radcliffe, Author of the Mysteries of Udolpho, &amp;c. &amp;c.</marc:subfield>
        <marc:subfield code="3">Title Page</marc:subfield>
        <marc:subfield code="5">Female</marc:subfield>
        <marc:subfield code="6">Female</marc:subfield>
    </marc:datafield> 
	<marc:datafield ind1=" " ind2="4" tag="650">
		<marc:subfield code="a">CHR 1797</marc:subfield>
	</marc:datafield>
	<marc:datafield ind1=" " ind2="4" tag="650">
		<marc:subfield code="a">PRO Forrest, Edwin, Estate of (donor) (Forrest copy)</marc:subfield>
	</marc:datafield>
	<marc:datafield ind1=" " ind2="4" tag="650">
		<marc:subfield code="a">PRO Campbell, Mr. (?) (autograph) (Forrest copy)</marc:subfield>
	</marc:datafield>
	<marc:datafield ind1=" " ind2="7" tag="655">
		<marc:subfield code="a">Advertisements</marc:subfield>
		<marc:subfield code="z">England</marc:subfield>
		<marc:subfield code="z">London</marc:subfield>
		<marc:subfield code="y">18th century.</marc:subfield>
		<marc:subfield code="2">rbgenr</marc:subfield>
	</marc:datafield>
	<marc:datafield ind1=" " ind2=" " tag="656">
        <marc:subfield code="a">Mixed Genre</marc:subfield>
        <marc:subfield code="b">Back</marc:subfield>
        <marc:subfield code="c">Same Publisher</marc:subfield>
        <marc:subfield code="v">v.3</marc:subfield>
		<marc:subfield code="x">Very long list, spans several pages, divided by genre.</marc:subfield>
    </marc:datafield>
	<marc:datafield ind1=" " ind2=" " tag="700">
        <marc:subfield code="a">Radcliffe, Ann</marc:subfield>
        <marc:subfield code="d">1764-1823</marc:subfield>
        <marc:subfield code="4">Author (text)</marc:subfield>
        <marc:subfield code="5">Authorized</marc:subfield>
    </marc:datafield>
    <marc:datafield ind1=" " ind2=" " tag="700">
        <marc:subfield code="a">Cadell, Thomas</marc:subfield>
        <marc:subfield code="d">1742-1802</marc:subfield>
        <marc:subfield code="4">Printed for</marc:subfield>
        <marc:subfield code="5">Authorized</marc:subfield>
    </marc:datafield> 
    <marc:datafield ind1=" " ind2=" " tag="700">
        <marc:subfield code="a">Cadell, Thomas [II]</marc:subfield>
        <marc:subfield code="d">fl. 1765-1793</marc:subfield>
        <marc:subfield code="4">Printed for</marc:subfield>
        <marc:subfield code="5">Authorized</marc:subfield>
    </marc:datafield>
    <marc:datafield ind1=" " ind2=" " tag="700">
        <marc:subfield code="a">Davies, William</marc:subfield>
		<marc:subfield code="d">17..1819</marc:subfield>
        <marc:subfield code="4">Printed for</marc:subfield>
        <marc:subfield code="5">Authorized</marc:subfield>
    </marc:datafield>
    <marc:datafield ind1=" " ind2=" " tag="710">
        <marc:subfield code="a">Cadell &amp; Davies</marc:subfield>
        <marc:subfield code="4">Printed for</marc:subfield>
        <marc:subfield code="5">Authorized</marc:subfield>
    </marc:datafield>
	<marc:datafield ind1=" " ind2=" " tag="700">
		<marc:subfield code="a">Campbell</marc:subfield>
		<marc:subfield code="4">Inscribed by</marc:subfield>
		<marc:subfield code="5">Unauthorized</marc:subfield>
	</marc:datafield>
	<marc:datafield ind1="2" ind2=" " tag="710">
        <marc:subfield code="a">Early Novels</marc:subfield>
        <marc:subfield code="5">University of Pennsylvania</marc:subfield>
    </marc:datafield>
	<marc:datafield ind1="2" ind2=" " tag="710">
		<marc:subfield code="a">Collection of British and American Fiction, 1660-1830 (University of Pennsylvania)</marc:subfield>
		<marc:subfield code="5">PU</marc:subfield>
	</marc:datafield>
	<marc:datafield ind1=" " ind2=" " tag="950">
		<marc:subfield code="l">RBC</marc:subfield>
		<marc:subfield code="e">\\Singer-\Menden-\hall\</marc:subfield>
		<marc:subfield code="v">v.1-3</marc:subfield>
		<marc:subfield code="i">11/17/86 C</marc:subfield>
	</marc:datafield>
	<marc:datafield ind1=" " ind2=" " tag="955">
		<marc:subfield code="l">RBC</marc:subfield>
		<marc:subfield code="c">1:(v.1-3)</marc:subfield>
		<marc:subfield code="q">50-1250</marc:subfield>
		<marc:subfield code="q">g. Dr. John C. Mendenhall</marc:subfield>
		<marc:subfield code="i">11/17/86 C</marc:subfield>
	</marc:datafield>
	<marc:datafield ind1=" " ind2=" " tag="948">
		<marc:subfield code="a">xx</marc:subfield>
		<marc:subfield code="a">addloc:rk</marc:subfield>
	</marc:datafield>
	<marc:datafield ind1=" " ind2=" " tag="989"> 
        <marc:subfield code="1">Mysteries of Udolpho</marc:subfield>
        <marc:subfield code="2">Italian</marc:subfield>
        <marc:subfield code="2">Confessional</marc:subfield>
        <marc:subfield code="2">Penitent</marc:subfield>
        <marc:subfield code="2">Author</marc:subfield>
        <marc:subfield code="2">Romance</marc:subfield>
        <marc:subfield code="2">Volume</marc:subfield>
        <marc:subfield code="3">Black</marc:subfield>
        <marc:subfield code="3">Three</marc:subfield>
        <marc:subfield code="5">Ann Radcliffe</marc:subfield>
    </marc:datafield>
    <marc:datafield ind1=" " ind2=" " tag="999">
		<marc:subfield code="a">IC</marc:subfield>
		<marc:subfield code="b">7/23/18</marc:subfield>
		<marc:subfield code="c">University of Pennsylvania</marc:subfield>
    	<marc:subfield code="d">DPL</marc:subfield>
	</marc:datafield>
</marc:record>