<marc:record>
	<marc:leader>02209cam a2200409 a 4500</marc:leader>
	<marc:controlfield tag="005">20161207174657.0</marc:controlfield>
	<marc:controlfield tag="008">901105s1797    nyua          00000 eng d</marc:controlfield>
	<marc:controlfield tag="001">9912893833503681</marc:controlfield>
	<marc:datafield ind1=" " ind2=" " tag="035">
		<marc:subfield code="a">(OCoLC)ocm24050391</marc:subfield>
	</marc:datafield>
	<marc:datafield ind1=" " ind2=" " tag="035">
		<marc:subfield code="a">(OCoLC)24050391</marc:subfield>
	</marc:datafield>
	<marc:datafield ind1=" " ind2=" " tag="035">
		<marc:subfield code="a">(PU)1289383-penndb-Voyager</marc:subfield>
	</marc:datafield>
	<marc:datafield ind1=" " ind2=" " tag="035">
		<marc:subfield code="a">(PennHoldings)1473013</marc:subfield>
	</marc:datafield>
	<marc:datafield ind1=" " ind2=" " tag="040">
		<marc:subfield code="a">PAU</marc:subfield>
		<marc:subfield code="b">eng</marc:subfield>
		<marc:subfield code="c">PAU</marc:subfield>
		<marc:subfield code="d">OCLCQ</marc:subfield>
		<marc:subfield code="d">OCLCO</marc:subfield>
		<marc:subfield code="e">dcrmb</marc:subfield>
	</marc:datafield>
	<marc:datafield ind1=" " ind2=" " tag="090">
		<marc:subfield code="a">PT1975</marc:subfield>
		<marc:subfield code="b">.A53 1797</marc:subfield>
		<marc:subfield code="i">11/15/90 CTZ</marc:subfield>
	</marc:datafield>
	<marc:datafield ind1="1" ind2="0" tag="100">
		<marc:subfield code="a">James, William.</marc:subfield>
	</marc:datafield>
	<marc:datafield ind1="1" ind2="4" tag="245">
		<marc:subfield code="a">The letters of Charlotte, during her connexion with Werter.</marc:subfield>
	</marc:datafield>
	<marc:datafield ind1=" " ind2=" " tag="246" >
        <marc:subfield code="a">The letters of Charlotte.</marc:subfield>
        <marc:subfield code="d">Letter-press</marc:subfield>
        <marc:subfield code="g">Half</marc:subfield>
        <marc:subfield code="x">Work</marc:subfield>
    </marc:datafield>
    <marc:datafield ind1=" " ind2=" " tag="246" >
        <marc:subfield code="a">The letters of Charlotte, during her connexion with Werter. Vol. I.</marc:subfield>
        <marc:subfield code="d">Letter-press</marc:subfield>
        <marc:subfield code="g">Full</marc:subfield>
        <marc:subfield code="x">Volume</marc:subfield>
        <marc:subfield code="v">v.1</marc:subfield>
    </marc:datafield>
    <marc:datafield ind1=" " ind2=" " tag="246" >
        <marc:subfield code="a">The letters of Charlotte, during her connexion with Werter. Vol. II.</marc:subfield>
        <marc:subfield code="d">Letter-press</marc:subfield>
        <marc:subfield code="g">Full</marc:subfield>
        <marc:subfield code="x">Volume</marc:subfield>
        <marc:subfield code="v">v.2</marc:subfield>
    </marc:datafield>
	<marc:datafield ind1=" " ind2=" " tag="260">
		<marc:subfield code="a">New York</marc:subfield>
		<marc:subfield code="b">Printed by William A. Davis, for E. Duyckinck &amp; Co. T. Allen, T. &amp; J. Swords, T. Greenleaf, and J. Tiebout.</marc:subfield>
		<marc:subfield code="c">1797</marc:subfield>
		<marc:subfield code="c">1797.</marc:subfield>
		<marc:subfield code="v">v.1</marc:subfield>
	</marc:datafield>
	<marc:datafield ind1=" " ind2=" " tag="260">
		<marc:subfield code="a">New York</marc:subfield>
		<marc:subfield code="b">Printed by William A. Davis, for E. Duyckinck and C . T. Allen, T. and J. Swords, T. Greenleaf, and . Tiebout.</marc:subfield>
		<marc:subfield code="c">1797</marc:subfield>
		<marc:subfield code="c">1797.</marc:subfield>
		<marc:subfield code="v">v.2</marc:subfield>
	</marc:datafield>
	<marc:datafield ind1=" " ind2=" " tag="261">
		<marc:subfield code="b">Printed by William A. Davis</marc:subfield>
        <marc:subfield code="f">William A. Davis</marc:subfield>
    </marc:datafield>
	<marc:datafield ind1=" " ind2=" " tag="300">
		<marc:subfield code="a">2 volumes (xii, [1], 14-240 pages, [1] leaf of plates) :</marc:subfield>
		<marc:subfield code="c">16 cm (12mo)</marc:subfield>
		<marc:subfield code="x">Duodecimo</marc:subfield>
	</marc:datafield>
	<marc:datafield ind1=" " ind2=" " tag="500">
		<marc:subfield code="a">Written in imitation of Goethe's Sorrows of Werter, and intended to counter the dangerous ideas of that work. Attributed to William James on the basis of a letter, now part of the Speck Collection of Goetheana at Yale University, from James to the London publisher Cadell.</marc:subfield>
	</marc:datafield>
	<marc:datafield ind1=" " ind2=" " tag="500">
		<marc:subfield code="a">Three variants with different publishers' names on title pages are known.</marc:subfield>
	</marc:datafield>
	<marc:datafield ind1=" " ind2=" " tag="500">
		<marc:subfield code="a">Authorship according to Evans and Bristol.</marc:subfield>
	</marc:datafield>
	<marc:datafield ind1=" " ind2=" " tag="500">
		<marc:subfield code="a">Originally published London, 1786.</marc:subfield>
	</marc:datafield>
	<marc:datafield ind1=" " ind2=" " tag="500">
		<marc:subfield code="a">Two volumes in one with continuous paging, but separate signatures.</marc:subfield>
	</marc:datafield>
	<marc:datafield ind1=" " ind2=" " tag="500">
		<marc:subfield code="a">Signatures: v.1: A-K (K6 blank)  v.2: A-K.</marc:subfield>
	</marc:datafield>
	<marc:datafield ind1=" " ind2=" " tag="500">
		<marc:subfield code="a">The third leaf of each gathering is signed as "A2", "B2" etc.; leaf B3 of v.1 signed as "C2."</marc:subfield>
	</marc:datafield>
	<marc:datafield ind1=" " ind2=" " tag="500">
		<marc:subfield code="a">Volume 1 includes p. [i]-xii, [13]-120; v.2 includes p. [121]-240.</marc:subfield>
	</marc:datafield>
	<marc:datafield ind1=" " ind2=" " tag="500">
		<marc:subfield code="a">Transcription of title of poem on front paste-down endpaper: "Sorrows of Werter By Thackeray"</marc:subfield>
	</marc:datafield>
	<marc:datafield ind1="4" ind2=" " tag="510">
		<marc:subfield code="a">ESTC</marc:subfield>
		<marc:subfield code="c">W20676</marc:subfield>
	</marc:datafield>
	<marc:datafield ind1="4" ind2=" " tag="510">
		<marc:subfield code="a">Evans</marc:subfield>
		<marc:subfield code="c">32313</marc:subfield>
	</marc:datafield>
	<marc:datafield ind1="4" ind2=" " tag="510">
		<marc:subfield code="a">Shipton &amp; Mooney</marc:subfield>
		<marc:subfield code="c">48167 (p. 422)</marc:subfield>
	</marc:datafield>
	<marc:datafield ind1="4" ind2=" " tag="510">
		<marc:subfield code="a">English novel, 1770-1829,</marc:subfield>
		<marc:subfield code="c">1786:26</marc:subfield>
	</marc:datafield>
	<marc:datafield ind1=" " ind2=" " tag="520" >
        <marc:subfield code="a">Preface</marc:subfield>
        <marc:subfield code="b">The Editor's Preface.</marc:subfield>
        <marc:subfield code="c">Front</marc:subfield>
        <marc:subfield code="v">v.1</marc:subfield>
        <marc:subfield code="x">Transcription of first sentence: "I am happy that in presenting the following letters to the public, I am not exhibiting scenes, or communicating opinions, that can wound delicacy, or pervert sentiment."</marc:subfield>     
   	</marc:datafield>
   	<marc:datafield ind1=" " ind2=" " tag="520" >
        <marc:subfield code="a">Footnotes</marc:subfield>
        <marc:subfield code="c">Front</marc:subfield>
        <marc:subfield code="v">v.1</marc:subfield>
        <marc:subfield code="x">On pages: vii-ix, 13, 34, 38, 41, 44, 48, 58, 65, 68, 74, 78, 88, 109.</marc:subfield>     
   	</marc:datafield>
   	<marc:datafield ind1=" " ind2=" " tag="520" >
        <marc:subfield code="a">Footnotes</marc:subfield>
        <marc:subfield code="c">Front</marc:subfield>
        <marc:subfield code="v">v.2</marc:subfield>
        <marc:subfield code="x">On pages: 137, 153, 164, 167, 169, 176, 178, 188, 192, 222.</marc:subfield>     
   	</marc:datafield>
	<marc:datafield ind1=" " ind2=" " tag="590">
		<marc:subfield code="a">Singer-Mendenhall copy imperfect: frontispiece wanting.</marc:subfield>
	</marc:datafield>
	<marc:datafield ind1=" " ind2=" " tag="591">
        <marc:subfield code="a">Grazia sola di su ne vaglia, inanti ---Che piu'l desio d'amore al cor s'invecchi.</marc:subfield>
		<marc:subfield code="c">John Milton</marc:subfield>
		<marc:subfield code="d">May favour only from above, secure us before that the passion of love becomes inveterate in the heart.</marc:subfield>
		<marc:subfield code="x">Translation from Google Books copy of "An Introduction to the Italian Language: Containing Specimens Both of Prose and Verse" by Giuseppe Baretti.</marc:subfield>
    </marc:datafield>
    <marc:datafield ind1=" " ind2=" " tag="592">
        <marc:subfield code="a">Epistolary</marc:subfield>
        <marc:subfield code="b">First-person</marc:subfield>
    </marc:datafield>
	<marc:datafield ind1=" " ind2=" " tag="595">
		<marc:subfield code="a">Ink</marc:subfield>
		<marc:subfield code="b">Words</marc:subfield>
		<marc:subfield code="x">On half title, "Charlotte", on p.ix "Werter"</marc:subfield>
	</marc:datafield>
    <marc:datafield ind1=" " ind2=" " tag="595">
        <marc:subfield code="a">Pencil</marc:subfield>
        <marc:subfield code="b">Reader markings</marc:subfield>
        <marc:subfield code="x">Transcription of marking on front free endpaper: 32313 [illegible]</marc:subfield>
	</marc:datafield>
	<marc:datafield ind1=" " ind2=" " tag="595">
		<marc:subfield code="a">Pencil</marc:subfield>
		<marc:subfield code="b">Words</marc:subfield>
		<marc:subfield code="x">Illegible, on p. 134.</marc:subfield>
	</marc:datafield>
	<marc:datafield ind1=" " ind2=" " tag="595">
		<marc:subfield code="a">Pencil</marc:subfield>
		<marc:subfield code="b">Words</marc:subfield>
		<marc:subfield code="x">On p. 135, 173, 175. Brackets and reader commentary in margins. E.g. "yes" on p. 135. "Saul" on p. 173. "Rambler" on p. 175.</marc:subfield>
	</marc:datafield>
	<marc:datafield ind1=" " ind2=" " tag="595">
        <marc:subfield code="a">Ink</marc:subfield>
        <marc:subfield code="b">Words</marc:subfield>
        <marc:subfield code="x">On p. 215: "no confidence no no happiness"</marc:subfield>
	</marc:datafield>
	<marc:datafield ind1=" " ind2=" " tag="599">
        <marc:subfield code="a">Author (paratext)</marc:subfield>
        <marc:subfield code="b">Generic/Descriptive</marc:subfield>
        <marc:subfield code="2">Regardless of my fate as an Editor, I solicit protection and indulgence only for Charlotte.</marc:subfield>
        <marc:subfield code="3">Preface</marc:subfield>
        <marc:subfield code="5">Indeterminate</marc:subfield>
		<marc:subfield code="6">Unknown</marc:subfield>
    </marc:datafield> 
	<marc:datafield ind1=" " ind2=" " tag="599">
		<marc:subfield code="a">Editor (text)</marc:subfield>
		<marc:subfield code="b">Generic/Descriptive</marc:subfield>
		<marc:subfield code="2">Regardless of my fate as an Editor, I solicit protection and indulgence only for Charlotte.</marc:subfield>
		<marc:subfield code="3">Preface</marc:subfield>
		<marc:subfield code="5">Indeterminate</marc:subfield>
		<marc:subfield code="6">Unknown</marc:subfield>
	</marc:datafield>
	<marc:datafield ind1="1" ind2="0" tag="600">
		<marc:subfield code="a">Goethe, Johann Wolfgang von,</marc:subfield>
		<marc:subfield code="d">1749-1832.</marc:subfield>
		<marc:subfield code="t">Werther</marc:subfield>
		<marc:subfield code="v">Parodies, imitations, etc.</marc:subfield>
	</marc:datafield>
	<marc:datafield ind1=" " ind2="4" tag="650">
		<marc:subfield code="a">CHR 1797</marc:subfield>
	</marc:datafield>
	<marc:datafield ind1="1" ind2=" " tag="700">
		<marc:subfield code="a">Goethe, Johann Wolfgang von,</marc:subfield>
		<marc:subfield code="d">1749-1832.</marc:subfield>
	</marc:datafield>
	<marc:datafield ind1=" " ind2=" " tag="700">
		<marc:subfield code="a">James, William</marc:subfield>
		<marc:subfield code="4">Author (text)</marc:subfield>
		<marc:subfield code="5">Unauthorized</marc:subfield>
	</marc:datafield>
	<marc:datafield ind1=" " ind2=" " tag="700">
        <marc:subfield code="a">Thackeray, William Makepeace</marc:subfield>
        <marc:subfield code="d">1811-1863</marc:subfield>
        <marc:subfield code="4">Author (paratext)</marc:subfield>
        <marc:subfield code="5">Authorized</marc:subfield>
    </marc:datafield>
    <marc:datafield ind1=" " ind2=" " tag="700">
        <marc:subfield code="a">Davis, William A.</marc:subfield>
        <marc:subfield code="4">Printed by</marc:subfield>
        <marc:subfield code="5">Unauthorized</marc:subfield>
    </marc:datafield>
	<marc:datafield ind1=" " ind2=" " tag="700">
		<marc:subfield code="a">Duyckinck, Evert</marc:subfield>
		<marc:subfield code="d">1764?-1833</marc:subfield>
		<marc:subfield code="4">Printed for</marc:subfield>
		<marc:subfield code="5">Authorized</marc:subfield>
	</marc:datafield>
    <marc:datafield ind1=" " ind2=" " tag="700">
        <marc:subfield code="a">T. Allen</marc:subfield>
        <marc:subfield code="4">Printed for</marc:subfield>
        <marc:subfield code="5">Unauthorized</marc:subfield>
    </marc:datafield>
	<marc:datafield ind1=" " ind2=" " tag="700">
		<marc:subfield code="a">Swords, Thomas</marc:subfield>
		<marc:subfield code="d">1764-1843</marc:subfield>
		<marc:subfield code="4">Printed for</marc:subfield>
		<marc:subfield code="5">Authorized</marc:subfield>
	</marc:datafield>
	<marc:datafield ind1=" " ind2=" " tag="700">
		<marc:subfield code="a">Swords, James</marc:subfield>
		<marc:subfield code="d">1765-1846</marc:subfield>
		<marc:subfield code="4">Printed for</marc:subfield>
		<marc:subfield code="5">Authorized</marc:subfield>
	</marc:datafield>
    <marc:datafield ind1=" " ind2=" " tag="700">
        <marc:subfield code="a">Greenleaf, Thomas</marc:subfield>
		<marc:subfield code="d">1755-1798</marc:subfield>
        <marc:subfield code="4">Printed for</marc:subfield>
        <marc:subfield code="5">Unauthorized</marc:subfield>
    </marc:datafield>
    <marc:datafield ind1=" " ind2=" " tag="700">
        <marc:subfield code="a">Tiebout, John</marc:subfield>
        <marc:subfield code="d">1772?-1826</marc:subfield>
        <marc:subfield code="4">Printed for</marc:subfield>
        <marc:subfield code="5">Authorized</marc:subfield>
    </marc:datafield>
	<marc:datafield ind1=" " ind2=" " tag="710">
        <marc:subfield code="a">E. Duyckinck and Co.</marc:subfield>
        <marc:subfield code="4">Printed for</marc:subfield>
        <marc:subfield code="5">Authorized</marc:subfield>
    </marc:datafield>
    <marc:datafield ind1=" " ind2=" " tag="710">
        <marc:subfield code="a">T. &amp; J. Swords (Firm)</marc:subfield>
        <marc:subfield code="4">Printed for</marc:subfield>
        <marc:subfield code="5">Authorized</marc:subfield>
    </marc:datafield>   
	<marc:datafield ind1="2" ind2=" " tag="710">
        <marc:subfield code="a">Early Novels</marc:subfield>
        <marc:subfield code="5">University of Pennsylvania</marc:subfield>
    </marc:datafield>
	<marc:datafield ind1="2" ind2=" " tag="710">
		<marc:subfield code="a">Collection of British and American Fiction, 1660-1830 (University of Pennsylvania)</marc:subfield>
		<marc:subfield code="5">PU</marc:subfield>
	</marc:datafield>
	<marc:datafield ind1=" " ind2=" " tag="752">
		<marc:subfield code="a">United States</marc:subfield>
		<marc:subfield code="b">New York</marc:subfield>
		<marc:subfield code="d">New York.</marc:subfield>
	</marc:datafield>
	<marc:datafield ind1=" " ind2=" " tag="950">
		<marc:subfield code="l">RBC</marc:subfield>
		<marc:subfield code="e">\\Singer-\Menden-\hall\</marc:subfield>
		<marc:subfield code="i">11/15/90 C</marc:subfield>
	</marc:datafield>
	<marc:datafield ind1=" " ind2=" " tag="955">
		<marc:subfield code="l">RBC</marc:subfield>
		<marc:subfield code="c">1</marc:subfield>
		<marc:subfield code="q">90-B94643-1</marc:subfield>
		<marc:subfield code="i">11/15/90 C</marc:subfield>
	</marc:datafield>
	<marc:datafield ind1=" " ind2=" " tag="989"> 
        <marc:subfield code="2">Connexion</marc:subfield>
        <marc:subfield code="5">Charlotte</marc:subfield>
        <marc:subfield code="5">Werter</marc:subfield>
        <marc:subfield code="7">Letters</marc:subfield>
    </marc:datafield>
    <marc:datafield ind1=" " ind2=" " tag="999">
		<marc:subfield code="a">IC</marc:subfield>
		<marc:subfield code="b">7/24/18</marc:subfield>
		<marc:subfield code="c">University of Pennsylvania</marc:subfield>
		<marc:subfield code="d">SH</marc:subfield>
	</marc:datafield>
</marc:record>