
	<marc:record>
	<marc:leader>01109cam a2200289 i 4500</marc:leader>
	<marc:controlfield tag="005">20141209102730.0</marc:controlfield>
	<marc:controlfield tag="008">900801s1797    enka          000 1 eng d</marc:controlfield>
	<marc:controlfield tag="001">9916149933503681</marc:controlfield>
	<marc:datafield ind1=" " ind2=" " tag="035">
		<marc:subfield code="a">(OCoLC)ocm78211309</marc:subfield>
	</marc:datafield>
	<marc:datafield ind1=" " ind2=" " tag="035">
		<marc:subfield code="a">(OCoLC)78211309</marc:subfield>
	</marc:datafield>
	<marc:datafield ind1=" " ind2=" " tag="035">
		<marc:subfield code="a">(CStRLIN)PAUGEAC4960-B</marc:subfield>
	</marc:datafield>
	<marc:datafield ind1=" " ind2=" " tag="035">
		<marc:subfield code="a">1614993</marc:subfield>
	</marc:datafield>
	<marc:datafield ind1=" " ind2=" " tag="035">
		<marc:subfield code="a">(PU)1614993-penndb-Voyager</marc:subfield>
	</marc:datafield>
	<marc:datafield ind1=" " ind2=" " tag="035">
		<marc:subfield code="a">(PennHoldings)1826745</marc:subfield>
	</marc:datafield>
	<marc:datafield ind1=" " ind2="4" tag="050">
		<marc:subfield code="a">PR5178.P8</marc:subfield>
		<marc:subfield code="b">E3 1797</marc:subfield>
	</marc:datafield>
	<marc:datafield ind1="1" ind2="0" tag="100">
		<marc:subfield code="a">Pilkington,</marc:subfield>
		<marc:subfield code="c">Mrs.</marc:subfield>
		<marc:subfield code="q">(Mary),</marc:subfield>
		<marc:subfield code="d">1766-1839.</marc:subfield>
	</marc:datafield>
	<marc:datafield ind1="1" ind2="0" tag="245">
		<marc:subfield code="a">Edward Barnard, or, Merit exalted :</marc:subfield>
		<marc:subfield code="b">containing the history of the Edgerton family /</marc:subfield>
		<marc:subfield code="c">by M.S. Pilkington.</marc:subfield>
	</marc:datafield>
	<marc:datafield ind1="3" ind2="0" tag="246">
		<marc:subfield code="a">Merit exalted</marc:subfield>
	</marc:datafield>
	<marc:datafield ind1=" " ind2=" " tag="246" >
        <marc:subfield code="a">Edward Barnard; or, Merit exalted; Containing the history of the Edgerton family. By M. S. Pilkington.</marc:subfield>
        <marc:subfield code="d">Letter-press</marc:subfield>
        <marc:subfield code="g">Full</marc:subfield>
        <marc:subfield code="x">Work</marc:subfield>
    </marc:datafield>
    <marc:datafield ind1="0" ind2="7" tag="246" >
        <marc:subfield code="a">Edward Barnard; or, Merit exalted.</marc:subfield>
    </marc:datafield>
    <marc:datafield ind1="0" ind2="7" tag="246" >
        <marc:subfield code="a">Edward Barnard; or, (verso)</marc:subfield>
        <marc:subfield code="a">Merit exalted. (recto)</marc:subfield>
    </marc:datafield>
	<marc:datafield ind1=" " ind2=" " tag="250">
		<marc:subfield code="a">[1st ed.]</marc:subfield>
	</marc:datafield>
	<marc:datafield ind1=" " ind2=" " tag="260">
		<marc:subfield code="a">London</marc:subfield>
		<marc:subfield code="b">Printed for E. Newbery, at the corner of St. Paul's Church-Yard.</marc:subfield>
		<marc:subfield code="c">1797</marc:subfield>
		<marc:subfield code="c">1797.</marc:subfield>
	</marc:datafield>
	<marc:datafield ind1=" " ind2=" " tag="300">
		<marc:subfield code="a">167 p., [1] leaf of plates :</marc:subfield>
		<marc:subfield code="b">Ill. (frontispiece)</marc:subfield>
		<marc:subfield code="c">18 cm. (12mo)</marc:subfield>
		<marc:subfield code="x">Duodecimo</marc:subfield>
	</marc:datafield>
	<marc:datafield ind1=" " ind2=" " tag="500">
		<marc:subfield code="a">Signatures: B-H.</marc:subfield>
	</marc:datafield>
	<marc:datafield ind1=" " ind2=" " tag="500">
		<marc:subfield code="a">M.S. Pilkington is perhaps a misprint for Mrs. Pilkington. Cf. Roscoe.</marc:subfield>
	</marc:datafield>
	<marc:datafield ind1=" " ind2=" " tag="500">
		<marc:subfield code="a">Engraved frontispiece dated April 29, 1797.</marc:subfield>
	</marc:datafield>
	<marc:datafield ind1="4" ind2=" " tag="510">
		<marc:subfield code="a">Roscoe. John Newbery and his successors,</marc:subfield>
		<marc:subfield code="c">J283.</marc:subfield>
	</marc:datafield>
	<marc:datafield ind1="4" ind2=" " tag="510">
		<marc:subfield code="a">ESTC</marc:subfield>
		<marc:subfield code="c">T73529</marc:subfield>
	</marc:datafield>
	<marc:datafield ind1="4" ind2=" " tag="510">
		<marc:subfield code="a">English novel, 1770-1829,</marc:subfield>
		<marc:subfield code="c">1797:65</marc:subfield>
	</marc:datafield>
	<marc:datafield ind1=" " ind2=" " tag="520" >
        <marc:subfield code="a">Introduction</marc:subfield>
        <marc:subfield code="b">An introductory chapter.</marc:subfield>
        <marc:subfield code="c">Front</marc:subfield>
        <marc:subfield code="x">Transcription of first sentence: "Mr. Edward Edgerton was the youngest son of a Baronet, whose long sucession of ancestors had added dignity to the title which they bore."</marc:subfield>
   	</marc:datafield>
   	<marc:datafield ind1=" " ind2=" " tag="592">
        <marc:subfield code="a">Third-person</marc:subfield>
    </marc:datafield>
    <marc:datafield ind1=" " ind2=" " tag="594">
        <marc:subfield code="a">Frances Amler 1797</marc:subfield>
        <marc:subfield code="b">Ink</marc:subfield>
    </marc:datafield>
    <marc:datafield ind1=" " ind2=" " tag="599">
        <marc:subfield code="a">Author (text)</marc:subfield>
        <marc:subfield code="b">Proper name</marc:subfield>
        <marc:subfield code="2">By M. S. Pilkington</marc:subfield>
        <marc:subfield code="3">Title Page</marc:subfield>
        <marc:subfield code="5">Indeterminate</marc:subfield>
        <marc:subfield code="6">Female</marc:subfield>
    </marc:datafield>
	<marc:datafield ind1=" " ind2="4" tag="650">
		<marc:subfield code="a">CHR 1797</marc:subfield>
	</marc:datafield>
	<marc:datafield ind1=" " ind2=" " tag="700">
        <marc:subfield code="a">Pilkington, Mary</marc:subfield>
		<marc:subfield code="d">1766-1839</marc:subfield>
        <marc:subfield code="4">Author (text)</marc:subfield>
        <marc:subfield code="5">Authorized</marc:subfield>
    </marc:datafield>
    <marc:datafield ind1=" " ind2=" " tag="700">
        <marc:subfield code="a">Newbery, E. (Elizabeth)</marc:subfield>
        <marc:subfield code="d">1746-1821</marc:subfield>
        <marc:subfield code="4">Printed For</marc:subfield>
        <marc:subfield code="5">Authorized</marc:subfield>
    </marc:datafield>
	<marc:datafield ind1=" " ind2=" " tag="700">
		<marc:subfield code="a">Cook, Thomas</marc:subfield>
		<marc:subfield code="d">approximately 1744-1818</marc:subfield>
		<marc:subfield code="4">Author (illustration)</marc:subfield>
		<marc:subfield code="5">Authorized</marc:subfield>
	</marc:datafield>
	<marc:datafield ind1="2" ind2=" " tag="710">
        <marc:subfield code="a">Early Novels</marc:subfield>
        <marc:subfield code="5">University of Pennsylvania</marc:subfield>
    </marc:datafield>
	<marc:datafield ind1="2" ind2=" " tag="710">
		<marc:subfield code="a">Collection of British and American Fiction, 1660-1830 (University of Pennsylvania)</marc:subfield>
		<marc:subfield code="5">PU</marc:subfield>
	</marc:datafield>
	<marc:datafield ind1=" " ind2=" " tag="989"> 
        <marc:subfield code="2">Merit</marc:subfield>
        <marc:subfield code="2">History</marc:subfield>
        <marc:subfield code="2">Family</marc:subfield>
        <marc:subfield code="3">Exalted</marc:subfield>
        <marc:subfield code="5">Edward Barnard</marc:subfield>
        <marc:subfield code="5">M. S. Pilkington</marc:subfield>
        <marc:subfield code="5">Edgerton</marc:subfield>
		<marc:subfield code="6">Contain</marc:subfield>
    </marc:datafield>
    <marc:datafield ind1=" " ind2=" " tag="999">
		<marc:subfield code="a">IC</marc:subfield>
		<marc:subfield code="b">7/23/18</marc:subfield>
		<marc:subfield code="c">University of Pennsylvania</marc:subfield>
		<marc:subfield code="d">SH</marc:subfield>
	</marc:datafield>
</marc:record>