
	<marc:record>
	<marc:leader>01253cam a2200313 a 4500</marc:leader>
	<marc:controlfield tag="005">20141209124143.0</marc:controlfield>
	<marc:controlfield tag="008">910808s1797    enk           00010 eng d</marc:controlfield>
	<marc:controlfield tag="001">9916423773503681</marc:controlfield>
	<marc:datafield ind1=" " ind2=" " tag="035">
		<marc:subfield code="a">(OCoLC)ocm25812656</marc:subfield>
	</marc:datafield>
	<marc:datafield ind1=" " ind2=" " tag="035">
		<marc:subfield code="a">(OCoLC)25812656</marc:subfield>
	</marc:datafield>
	<marc:datafield ind1=" " ind2=" " tag="035">
		<marc:subfield code="a">(CStRLIN)PAUGEAF4195-B</marc:subfield>
	</marc:datafield>
	<marc:datafield ind1=" " ind2=" " tag="035">
		<marc:subfield code="9">EAF4195</marc:subfield>
	</marc:datafield>
	<marc:datafield ind1=" " ind2=" " tag="035">
		<marc:subfield code="a">1642377</marc:subfield>
	</marc:datafield>
	<marc:datafield ind1=" " ind2=" " tag="035">
		<marc:subfield code="a">(PU)1642377-penndb-Voyager</marc:subfield>
	</marc:datafield>
	<marc:datafield ind1=" " ind2=" " tag="035">
		<marc:subfield code="a">(PennHoldings)1857351</marc:subfield>
	</marc:datafield>
	<marc:datafield ind1=" " ind2=" " tag="040">
		<marc:subfield code="a">PU</marc:subfield>
		<marc:subfield code="c">PU</marc:subfield>
	</marc:datafield>
	<marc:datafield ind1="1" ind2=" " tag="041">
		<marc:subfield code="a">eng</marc:subfield>
		<marc:subfield code="h">fre</marc:subfield>
	</marc:datafield>
	<marc:datafield ind1="1" ind2="0" tag="100">
		<marc:subfield code="a">Le Sage, Alain Rene,</marc:subfield>
		<marc:subfield code="d">1668-1747.</marc:subfield>
	</marc:datafield>
	<marc:datafield ind1="1" ind2="0" tag="240">
		<marc:subfield code="a">Histoire d'Estainville Gonzalez, surnomme le garcon de bonne humeur.</marc:subfield>
		<marc:subfield code="l">English</marc:subfield>
	</marc:datafield>
	<marc:datafield ind1="1" ind2="4" tag="245">
		<marc:subfield code="a">The history of Vanillo Gonzalez, surnamed the merry batchelor :</marc:subfield>
		<marc:subfield code="b">in two volumes /</marc:subfield>
		<marc:subfield code="c">from the French of Alain-Rene Le Sage ...</marc:subfield>
	</marc:datafield>
	<marc:datafield ind1=" " ind2=" " tag="246" >
        <marc:subfield code="a">The history of Vanillo Gonzales; or, The merry batchelor. Volume the first.</marc:subfield>
        <marc:subfield code="d">Letter-press</marc:subfield>
        <marc:subfield code="g">Half</marc:subfield>
        <marc:subfield code="x">Volume</marc:subfield>
        <marc:subfield code="v">v.1</marc:subfield>
    </marc:datafield>
    <marc:datafield ind1=" " ind2=" " tag="246" >
        <marc:subfield code="a">The history of Vanillo Gonzales, surnamed the merry batchelor. In two volumes. From the French of Alain-Rene Le Sage, author of the celebrated novels of "Gil Bas" and "The Devil Upon Crutches." Volume the First.</marc:subfield>
        <marc:subfield code="d">Letter-press</marc:subfield>
        <marc:subfield code="g">Full</marc:subfield>
        <marc:subfield code="x">Volume</marc:subfield>
        <marc:subfield code="v">v.1</marc:subfield>
    </marc:datafield>
    <marc:datafield ind1=" " ind2=" " tag="246" >
        <marc:subfield code="a">The history of Vanillo Gonzales; or, The merry batchelor. Volume the Second.</marc:subfield>
        <marc:subfield code="d">Letter-press</marc:subfield>
        <marc:subfield code="g">Half</marc:subfield>
        <marc:subfield code="x">Volume</marc:subfield>
        <marc:subfield code="v">v.2</marc:subfield>
    </marc:datafield>
    <marc:datafield ind1=" " ind2=" " tag="246" >
        <marc:subfield code="a">The history of Vanillo Gonzales, surnamed the merry batchelor. In two volumes. From the French of Alain-Rene Le Sage, author of the celebrated novels of "Gil Bas" and "The Devil Upon Crutches." Volume the second.</marc:subfield>
        <marc:subfield code="d">Letter-press</marc:subfield>
        <marc:subfield code="g">Full</marc:subfield>
        <marc:subfield code="x">Volume</marc:subfield>
        <marc:subfield code="v">v.2</marc:subfield>
    </marc:datafield>
    <marc:datafield ind1="0" ind2="7" tag="246" >
        <marc:subfield code="a">The history of Vanillo Gonzales.</marc:subfield>
    </marc:datafield>
    <marc:datafield ind1="0" ind2="7" tag="246" >
        <marc:subfield code="a">The history of (verso)</marc:subfield>
        <marc:subfield code="a">Vanillo Gonzales. (recto)</marc:subfield>
    </marc:datafield>
	<marc:datafield ind1=" " ind2=" " tag="260">
		<marc:subfield code="a">London</marc:subfield>
		<marc:subfield code="b">Printed for G.G. and J. Robinson, Pater-Noster Row.</marc:subfield>
		<marc:subfield code="c">1797</marc:subfield>
		<marc:subfield code="c">M DCC XCVII.</marc:subfield>
	</marc:datafield>
	<marc:datafield ind1=" " ind2=" " tag="300">
		<marc:subfield code="a">2 v. ;</marc:subfield>
		<marc:subfield code="c">20 cm. (8vo)</marc:subfield>
		<marc:subfield code="x">Octavo</marc:subfield>
		<marc:subfield code="z">In two volumes.</marc:subfield>
	</marc:datafield>
	<marc:datafield ind1=" " ind2=" " tag="500">
		<marc:subfield code="a">Translation of: Histoire d'Estainville Gonzalez, surnomme le garcon de bonne humeur.</marc:subfield>
	</marc:datafield>
	<marc:datafield ind1=" " ind2=" " tag="500">
		<marc:subfield code="a">Half title: The history of Vanillo Gonzalez, or, The merry batchelor.</marc:subfield>
	</marc:datafield>
	<marc:datafield ind1="4" ind2=" " tag="510">
		<marc:subfield code="a">ESTC (RLIN)</marc:subfield>
		<marc:subfield code="c">T120779</marc:subfield>
	</marc:datafield>
	<marc:datafield ind1="4" ind2=" " tag="510">
		<marc:subfield code="a">English novel, 1770-1829,</marc:subfield>
		<marc:subfield code="c">1797:40</marc:subfield>
	</marc:datafield>
	<marc:datafield ind1="4" ind2=" " tag="510">
		<marc:subfield code="a">Block, A.  Engl. novel (1961 ed.),</marc:subfield>
		<marc:subfield code="c">p.137</marc:subfield>
	</marc:datafield>
	<marc:datafield ind1=" " ind2=" " tag="520" >
        <marc:subfield code="a">Preface</marc:subfield>
        <marc:subfield code="b">Preface.</marc:subfield>
        <marc:subfield code="c">Front</marc:subfield>
        <marc:subfield code="v">v.1</marc:subfield>
        <marc:subfield code="x">Transcription of first sentence: "The two translations of those highly celebrated and popular novels, Gil Bas, and Le Diable Boiteux, have rendered the extraordinary merits of Le Sage, as a novel writer, so well known and respected throughout Great Britain that, in order to recommend the following History to the favourable attention of the Public, it is only necessary to announce, that the original from whence it is drawn is the undoubted production of that ingenious and entertaining Author."</marc:subfield>     
   	</marc:datafield>
   	<marc:datafield ind1=" " ind2=" " tag="520" >
        <marc:subfield code="a">Table of contents</marc:subfield>
        <marc:subfield code="b">The contents of the first volume.</marc:subfield>
        <marc:subfield code="c">Front</marc:subfield>
        <marc:subfield code="v">v.1</marc:subfield>   
   	</marc:datafield>
		<marc:datafield ind1=" " ind2=" " tag="520" >
        <marc:subfield code="a">Footnotes</marc:subfield>
        <marc:subfield code="c">Middle</marc:subfield>
        <marc:subfield code="v">v.1</marc:subfield>   
        <marc:subfield code="x">Footnotes on p.5</marc:subfield>   
   	</marc:datafield>
	<marc:datafield ind1=" " ind2=" " tag="520" >
        <marc:subfield code="a">Errata</marc:subfield>
        <marc:subfield code="b">Errata.</marc:subfield>
        <marc:subfield code="c">Back</marc:subfield>
        <marc:subfield code="v">v.1</marc:subfield>   
   	</marc:datafield>
   	<marc:datafield ind1=" " ind2=" " tag="520" >
        <marc:subfield code="a">Table of contents</marc:subfield>
        <marc:subfield code="b">The contents of the second volume.</marc:subfield>
        <marc:subfield code="c">Front</marc:subfield>
        <marc:subfield code="v">v.2</marc:subfield>   
   	</marc:datafield>
   	<marc:datafield ind1=" " ind2=" " tag="591">
        <marc:subfield code="a">"Mores Hominum Multorum Vidit Et Urbes." "He Many Men and Many Manners Saw."</marc:subfield>
        <marc:subfield code="x">Translation provided in the epigraph.</marc:subfield>
    </marc:datafield>
    <marc:datafield ind1=" " ind2=" " tag="592">
        <marc:subfield code="a">First-person</marc:subfield>
    </marc:datafield>
    <marc:datafield ind1=" " ind2=" " tag="596">
        <marc:subfield code="a">Translation</marc:subfield>
        <marc:subfield code="b">Title Page</marc:subfield>
        <marc:subfield code="c">French</marc:subfield>
        <marc:subfield code="e">From the French of Alain-Rene Le Sage</marc:subfield>
	</marc:datafield>  
    <marc:datafield ind1=" " ind2=" " tag="599">
        <marc:subfield code="a">Author (text)</marc:subfield>
        <marc:subfield code="b">Proper name</marc:subfield>
        <marc:subfield code="2">From the French of Alain-Rene Le Sage, Author of the Celebrated Novels of "Gil Bas" and "The Devil Upon Crutches."</marc:subfield>
        <marc:subfield code="3">Title Page</marc:subfield>
        <marc:subfield code="5">Male</marc:subfield>
        <marc:subfield code="6">Male</marc:subfield>
    </marc:datafield> 
	<marc:datafield ind1=" " ind2="4" tag="650">
		<marc:subfield code="a">CHR 1797</marc:subfield>
	</marc:datafield>
	<marc:datafield ind1="0" ind2="1" tag="740">
		<marc:subfield code="a">Merry batchelor.</marc:subfield>
	</marc:datafield>
	<marc:datafield ind1=" " ind2=" " tag="700">
        <marc:subfield code="a">Lesage, Alain-Ren</marc:subfield>
        <marc:subfield code="d">1668-1747</marc:subfield>
        <marc:subfield code="4">Author (text)</marc:subfield>
        <marc:subfield code="5">Authorized</marc:subfield>
    </marc:datafield>
	<marc:datafield ind1=" " ind2=" " tag="700">
		<marc:subfield code="a">Robinson, George</marc:subfield>
		<marc:subfield code="d">1736-1801</marc:subfield>
		<marc:subfield code="4">Printed for</marc:subfield>
		<marc:subfield code="5">Authorized</marc:subfield>
	</marc:datafield>
	<marc:datafield ind1=" " ind2=" " tag="700">
		<marc:subfield code="a">Robinson, George</marc:subfield>
		<marc:subfield code="d">176.-1811</marc:subfield>
		<marc:subfield code="4">Printed for</marc:subfield>
		<marc:subfield code="5">Authorized</marc:subfield>
	</marc:datafield>
	<marc:datafield ind1=" " ind2=" " tag="700">
		<marc:subfield code="a">Robinson, James</marc:subfield>
		<marc:subfield code="d">-1804</marc:subfield>
		<marc:subfield code="4">Printed for</marc:subfield>
		<marc:subfield code="5">Authorized</marc:subfield>
	</marc:datafield>
    <marc:datafield ind1=" " ind2=" " tag="710">
        <marc:subfield code="a">G. G. and J. Robinson</marc:subfield>
        <marc:subfield code="4">Printed For</marc:subfield>
        <marc:subfield code="5">Authorized</marc:subfield>
    </marc:datafield>         
	<marc:datafield ind1="2" ind2=" " tag="710">
        <marc:subfield code="a">Early Novels</marc:subfield>
        <marc:subfield code="5">University of Pennsylvania</marc:subfield>
    </marc:datafield>       
	<marc:datafield ind1="2" ind2=" " tag="710">
		<marc:subfield code="a">Collection of British and American Fiction, 1660-1830 (University of Pennsylvania)</marc:subfield>
		<marc:subfield code="5">PU</marc:subfield>
	</marc:datafield>
	<marc:datafield ind1=" " ind2=" " tag="948">
		<marc:subfield code="a">lsc#</marc:subfield>
	</marc:datafield>
	<marc:datafield ind1=" " ind2=" " tag="989"> 
        <marc:subfield code="1">Gil Bas</marc:subfield>
        <marc:subfield code="1">The Devil Upon Crutches</marc:subfield>
        <marc:subfield code="2">History</marc:subfield>
        <marc:subfield code="2">Batchelor</marc:subfield>
        <marc:subfield code="2">Author</marc:subfield>
        <marc:subfield code="2">Volume</marc:subfield>
        <marc:subfield code="3">Merry</marc:subfield>
		<marc:subfield code="3">First</marc:subfield>
        <marc:subfield code="3">French</marc:subfield>
        <marc:subfield code="3">Celebrated</marc:subfield>
        <marc:subfield code="5">Vanillo Gonzales</marc:subfield>
        <marc:subfield code="5">Alain-Rene Le Sage</marc:subfield>
        <marc:subfield code="6">Surname</marc:subfield>
    </marc:datafield>
    <marc:datafield ind1=" " ind2=" " tag="999">
		<marc:subfield code="a">IC</marc:subfield>
		<marc:subfield code="b">7/26/18</marc:subfield>
		<marc:subfield code="c">University of Pennsylvania</marc:subfield>
		<marc:subfield code="d">SH</marc:subfield>
	</marc:datafield>
</marc:record>