
<marc:record>
	<marc:leader>01465cam a2200409 a 4500</marc:leader>
	<marc:controlfield tag="005">20141209193630.0</marc:controlfield>
	<marc:controlfield tag="008">820930s1797    pau           00001 eng d</marc:controlfield>
	<marc:controlfield tag="001">9917223963503681</marc:controlfield>
	<marc:datafield ind1=" " ind2=" " tag="035">
		<marc:subfield code="a">(OCoLC)ocm22993822</marc:subfield>
	</marc:datafield>
	<marc:datafield ind1=" " ind2=" " tag="035">
		<marc:subfield code="a">(OCoLC)22993822</marc:subfield>
	</marc:datafield>
	<marc:datafield ind1=" " ind2=" " tag="035">
		<marc:subfield code="a">(CStRLIN)PAUGEAP6636-B</marc:subfield>
	</marc:datafield>
	<marc:datafield ind1=" " ind2=" " tag="035">
		<marc:subfield code="a">(CStRLIN)PAUGEAP6636-B</marc:subfield>
	</marc:datafield>
	<marc:datafield ind1=" " ind2=" " tag="035">
		<marc:subfield code="9">EAP6636</marc:subfield>
	</marc:datafield>
	<marc:datafield ind1=" " ind2=" " tag="035">
		<marc:subfield code="a">1722396</marc:subfield>
	</marc:datafield>
	<marc:datafield ind1=" " ind2=" " tag="035">
		<marc:subfield code="a">(PU)1722396-penndb-Voyager</marc:subfield>
	</marc:datafield>
	<marc:datafield ind1=" " ind2=" " tag="035">
		<marc:subfield code="a">(PennHoldings)1943386</marc:subfield>
	</marc:datafield>
	<marc:datafield ind1=" " ind2=" " tag="040">
		<marc:subfield code="a">MWA</marc:subfield>
		<marc:subfield code="c">MWA</marc:subfield>
		<marc:subfield code="e">bdrb</marc:subfield>
	</marc:datafield>
	<marc:datafield ind1=" " ind2=" " tag="090">
		<marc:subfield code="f">h</marc:subfield>
		<marc:subfield code="n">\rk\</marc:subfield>
	</marc:datafield>
	<marc:datafield ind1="1" ind2=" " tag="100">
		<marc:subfield code="a">Relf, Samuel,</marc:subfield>
		<marc:subfield code="d">1776-1823.</marc:subfield>
	</marc:datafield>
	<marc:datafield ind1="1" ind2="0" tag="245">
		<marc:subfield code="a">Infidelity, or, The victims of sentiment :</marc:subfield>
		<marc:subfield code="b">a novel, in a series  of letters.</marc:subfield>
	</marc:datafield>
	<marc:datafield ind1=" " ind2=" " tag="246">
		<marc:subfield code="a">Infidelity, or the victims of sentiment. A novel, in a series of letters.</marc:subfield>
		<marc:subfield code="d">Letter-press</marc:subfield>
		<marc:subfield code="g">Full</marc:subfield>
		<marc:subfield code="x">Work</marc:subfield>
	</marc:datafield>
	<marc:datafield ind1="0" ind2="7" tag="246">
		<marc:subfield code="a">The victims of sentiment.</marc:subfield>
	</marc:datafield>
	<marc:datafield ind1="0" ind2="7" tag="246">
		<marc:subfield code="a">The victims of(verso)</marc:subfield>
		<marc:subfield code="a">Sentiment. (recto)</marc:subfield>
	</marc:datafield>	
	<marc:datafield ind1=" " ind2=" " tag="260">
		<marc:subfield code="a">Philadelphia :</marc:subfield>
		<marc:subfield code="b">Printed by W.W. Woodward ...,</marc:subfield>
		<marc:subfield code="c">1797.</marc:subfield>
	</marc:datafield>
	<marc:datafield ind1=" " ind2=" " tag="300">
		<marc:subfield code="a">190, [2] p. ;</marc:subfield>
		<marc:subfield code="c">17 cm. (12mo)</marc:subfield>
		<marc:subfield code="x">Duodecimo</marc:subfield>
	</marc:datafield>
	<marc:datafield ind1=" " ind2=" " tag="500">
		<marc:subfield code="a">Dedication to Ann Louisa Bingham signed by Relf.</marc:subfield>
	</marc:datafield>
	<marc:datafield ind1=" " ind2=" " tag="500">
		<marc:subfield code="a">Crossed out inscription on title page.</marc:subfield>
	</marc:datafield>
	<marc:datafield ind1=" " ind2=" " tag="500">
		<marc:subfield code="a">Signatures: [A]  B-Q .</marc:subfield>
	</marc:datafield>
	<marc:datafield ind1=" " ind2=" " tag="500">
		<marc:subfield code="a">List of subscribers' names, p. 5-10.</marc:subfield>
	</marc:datafield>
	<marc:datafield ind1=" " ind2=" " tag="500">
		<marc:subfield code="a">Errata on leaf Q6.</marc:subfield>
	</marc:datafield>
	<marc:datafield ind1="4" ind2=" " tag="510">
		<marc:subfield code="a">ESTC (RLIN)</marc:subfield>
		<marc:subfield code="c">W12993</marc:subfield>
	</marc:datafield>
	<marc:datafield ind1="4" ind2=" " tag="510">
		<marc:subfield code="a">Evans</marc:subfield>
		<marc:subfield code="c">32746</marc:subfield>
	</marc:datafield>
	<marc:datafield ind1="4" ind2=" " tag="510">
		<marc:subfield code="a">Wright, L.H.  Amer. fiction, 1774-1850 (2nd ed.),</marc:subfield>
		<marc:subfield code="c">2110</marc:subfield>
	</marc:datafield>
	<marc:datafield ind1=" " ind2=" " tag="520">
		<marc:subfield code="a">Advertisement</marc:subfield>
		<marc:subfield code="b">Advertisement.</marc:subfield>
		<marc:subfield code="c">Front</marc:subfield>
		<marc:subfield code="x">Begins: "In order to rescue the following production from the imputation of arrogance or presumption, the author begs leave to informhis readers the generality of whom, he anticipate, will be of "the mild, the soft and gentle formed of soul," that it was originally undertaken, not with the view of forming a condensed volume for publication, but merely to fill occasionally a column in some miscellaneous paper."</marc:subfield>	
	</marc:datafield>
	<marc:datafield ind1=" " ind2=" " tag="520">
		<marc:subfield code="a">Dedication</marc:subfield>
		<marc:subfield code="b">To Miss Louisa Ann Bingham.</marc:subfield>
		<marc:subfield code="c">Front</marc:subfield>
		<marc:subfield code="x">"To Miss Louisa Ann Bignham, the following youthful effusion, is humbly inscribed, as an acknowledgement for tge distinguished candor with which it was perused, and the politeness with which she condescended to sanction its appearance in the world, by her most devoted and very humble servant, Samuel Relf."</marc:subfield>	
	</marc:datafield>
	<marc:datafield ind1=" " ind2=" " tag="591">
		<marc:subfield code="a">"'Tis not a sin to love."</marc:subfield>
		<marc:subfield code="2">Young</marc:subfield>	
	</marc:datafield>
	<marc:datafield ind1=" " ind2=" " tag="592">
		<marc:subfield code="a">Epistolary</marc:subfield>
	</marc:datafield>
	<marc:datafield ind1=" " ind2=" " tag="593">
		<marc:subfield code="a">Mr. Ashton Alexander, M.D.; William Allston; Mrs, Charlotte Allcorn; Mary Adgate; Mr. Samuel Anderson; Hector Aitken; ------ Allen; Miss Ann Louis Bingham; Maria M. Bingham; Maria Bennet; Miss Mary S. Barclay, jun; Rebecca Bridge; Mr. Robert Bines; George Beaven; Robert Barber</marc:subfield>
		<marc:subfield code="x">Six pages of subscribers' names</marc:subfield>	
	</marc:datafield>
	<marc:datafield ind1=" " ind2=" " tag="594">
		<marc:subfield code="a">"Sarah Sarzedas"</marc:subfield>
		<marc:subfield code="b">Ink</marc:subfield>
		<marc:subfield code="x">Located on title page</marc:subfield>	
	</marc:datafield>
	<marc:datafield ind1=" " ind2=" " tag="594">
		<marc:subfield code="a">"Sarah Sarzedas"</marc:subfield>
		<marc:subfield code="b">Ink</marc:subfield>
		<marc:subfield code="x">Located on title page</marc:subfield>	
	</marc:datafield>
	<marc:datafield ind1=" " ind2=" " tag="594">
		<marc:subfield code="a">"Anna"</marc:subfield>
		<marc:subfield code="b">Pencil</marc:subfield>
		<marc:subfield code="x">Located on title page</marc:subfield>	
	</marc:datafield>
	<marc:datafield ind1=" " ind2=" " tag="594">
		<marc:subfield code="a">"Sarah Sarzedas her book"</marc:subfield>
		<marc:subfield code="b">Ink</marc:subfield>
		<marc:subfield code="x">Located on Dedication page</marc:subfield>	
	</marc:datafield>
	<marc:datafield ind1=" " ind2=" " tag="594">
		<marc:subfield code="a">"Sarah Sarzedas her book"</marc:subfield>
		<marc:subfield code="b">Ink</marc:subfield>
		<marc:subfield code="x">Located on the dedication page</marc:subfield>	
	</marc:datafield>	
	<marc:datafield ind1=" " ind2=" " tag="594">
		<marc:subfield code="a">"S. Sarzedas"</marc:subfield>
		<marc:subfield code="b">Ink</marc:subfield>
		<marc:subfield code="x">Located on the subscribers' names page</marc:subfield>	
	</marc:datafield>
	<marc:datafield ind1=" " ind2=" " tag="594">
		<marc:subfield code="a">"Sarah Sarzedas 1806"</marc:subfield>
		<marc:subfield code="b">Ink</marc:subfield>
		<marc:subfield code="x">Located on pg. 13</marc:subfield>	
	</marc:datafield>
	<marc:datafield ind1=" " ind2=" " tag="594">
		<marc:subfield code="a">"S. Sarzedas (inllegible name) "</marc:subfield>
		<marc:subfield code="b">Ink</marc:subfield>
		<marc:subfield code="x">Located on pg. 190</marc:subfield>	
	</marc:datafield>
	<marc:datafield ind1=" " ind2=" " tag="599">
		<marc:subfield code="a">Author (paratext)</marc:subfield>
		<marc:subfield code="b">Proper name</marc:subfield>
		<marc:subfield code="2">"By her most devoted and very humble servant, Samuel Relf."</marc:subfield>
		<marc:subfield code="3">Dedication</marc:subfield>	
		<marc:subfield code="5">Male</marc:subfield>
		<marc:subfield code="6">Male</marc:subfield>
	</marc:datafield>
	<marc:datafield ind1=" " ind2="4" tag="650">
		<marc:subfield code="a">CHR 1797</marc:subfield>
	</marc:datafield>
	<marc:datafield ind1=" " ind2="7" tag="655">
		<marc:subfield code="a">Subscribers' list</marc:subfield>
		<marc:subfield code="z">Pennsylvania</marc:subfield>
		<marc:subfield code="z">Philadelphia</marc:subfield>
		<marc:subfield code="y">18th century.</marc:subfield>
		<marc:subfield code="2">rbgenr</marc:subfield>
	</marc:datafield>
	<marc:datafield ind1=" " ind2="7" tag="655">
		<marc:subfield code="a">Epistolary fiction</marc:subfield>
		<marc:subfield code="z">Pennsylvania</marc:subfield>
		<marc:subfield code="z">Philadelphia</marc:subfield>
		<marc:subfield code="y">18th century.</marc:subfield>
		<marc:subfield code="2">rbgenr</marc:subfield>
	</marc:datafield>
	<marc:datafield ind1=" " ind2=" " tag="700">
		<marc:subfield code="a">Relf, Samuel</marc:subfield>
		<marc:subfield code="d">1776-1823</marc:subfield>
		<marc:subfield code="4">Author (text)</marc:subfield>
		<marc:subfield code="5">Authorized</marc:subfield>
	</marc:datafield>
	<marc:datafield ind1=" " ind2=" " tag="700">
		<marc:subfield code="a">W. W. Woodward</marc:subfield>
		<marc:subfield code="d">1769-1837</marc:subfield>
		<marc:subfield code="4">Printed by</marc:subfield>
		<marc:subfield code="5">Authorized</marc:subfield>
	</marc:datafield>
	<marc:datafield ind1=" " ind2=" " tag="700">
		<marc:subfield code="a">Ann Louisa Bingham</marc:subfield>
		<marc:subfield code="4">Dedicated to</marc:subfield>
		<marc:subfield code="5">Unauthorized</marc:subfield>
	</marc:datafield>
	<marc:datafield ind1=" " ind2=" " tag="700">
		<marc:subfield code="a">Sarah Sarzedas</marc:subfield>
		<marc:subfield code="4">Inscribed by</marc:subfield>
		<marc:subfield code="5">Unauthorized</marc:subfield>
	</marc:datafield>
	<marc:datafield ind1="2" ind2=" " tag="710">
		<marc:subfield code="a">Collection of British and American Fiction, 1660-1830 (University of Pennsylvania)</marc:subfield>
		<marc:subfield code="5">PU</marc:subfield>
	</marc:datafield>
	<marc:datafield ind1="2" ind2=" " tag="710">
		<marc:subfield code="a">Early Novels</marc:subfield>
		<marc:subfield code="5">University of Pennsylvania</marc:subfield>
	</marc:datafield>
	<marc:datafield ind1="0" ind2="1" tag="740">
		<marc:subfield code="a">Infidelity.</marc:subfield>
	</marc:datafield>
	<marc:datafield ind1="0" ind2="1" tag="740">
		<marc:subfield code="a">Victims of sentiment.</marc:subfield>
	</marc:datafield>
	<marc:datafield ind1=" " ind2=" " tag="948">
		<marc:subfield code="a">rk</marc:subfield>
		<marc:subfield code="a">addloc:ajs</marc:subfield>
	</marc:datafield>		
	<marc:datafield ind1=" " ind2=" " tag="950">
		<marc:subfield code="l">RBC</marc:subfield>
		<marc:subfield code="a">PS829.R3</marc:subfield>
		<marc:subfield code="b">I5 1797</marc:subfield>
		<marc:subfield code="i">01/01/01 N</marc:subfield>
		<marc:subfield code="x">010</marc:subfield>
	</marc:datafield>
	<marc:datafield ind1=" " ind2=" " tag="955">
		<marc:subfield code="l">RBC</marc:subfield>
		<marc:subfield code="c">1</marc:subfield>
		<marc:subfield code="s">dir.pur.</marc:subfield>
	</marc:datafield>
	<marc:datafield ind1=" " ind2=" " tag="989">
		<marc:subfield code="2">Infidelity</marc:subfield>
		<marc:subfield code="2">Victim</marc:subfield>
		<marc:subfield code="2">Sentiment</marc:subfield>
		<marc:subfield code="2">Novel</marc:subfield>
		<marc:subfield code="2">Serie</marc:subfield>
		<marc:subfield code="7">Letter</marc:subfield>
	</marc:datafield>	
	<marc:datafield ind1=" " ind2=" " tag="998">
		<marc:subfield code="n">PU</marc:subfield>
		<marc:subfield code="z">BNA</marc:subfield>
	</marc:datafield>
	<marc:datafield ind1=" " ind2=" " tag="999">
		<marc:subfield code="a">DPL</marc:subfield>
		<marc:subfield code="b">7/27/18</marc:subfield>
		<marc:subfield code="c">University of Pennsylvania</marc:subfield>
		<marc:subfield code="d">IC</marc:subfield>
	</marc:datafield>
</marc:record>