	<marc:record>
	<marc:leader>01470cam a2200361 a 4500</marc:leader>
	<marc:controlfield tag="005">20141210141002.0</marc:controlfield>
	<marc:controlfield tag="008">810807s1797    mau           000 1 eng d</marc:controlfield>
	<marc:controlfield tag="001">9918181733503681</marc:controlfield>
	<marc:datafield ind1=" " ind2=" " tag="035">
		<marc:subfield code="a">(OCoLC)ocm33880954</marc:subfield>
	</marc:datafield>
	<marc:datafield ind1=" " ind2=" " tag="035">
		<marc:subfield code="a">(OCoLC)33880954</marc:subfield>
	</marc:datafield>
	<marc:datafield ind1=" " ind2=" " tag="035">
		<marc:subfield code="a">(CStRLIN)PAUGEAZ3917-B</marc:subfield>
	</marc:datafield>
	<marc:datafield ind1=" " ind2=" " tag="035">
		<marc:subfield code="a">(CStRLIN)PAUGEAZ3917-B</marc:subfield>
	</marc:datafield>
	<marc:datafield ind1=" " ind2=" " tag="035">
		<marc:subfield code="9">EAZ3917</marc:subfield>
	</marc:datafield>
	<marc:datafield ind1=" " ind2=" " tag="035">
		<marc:subfield code="a">1818173</marc:subfield>
	</marc:datafield>
	<marc:datafield ind1=" " ind2=" " tag="035">
		<marc:subfield code="a">(PU)1818173-penndb-Voyager</marc:subfield>
	</marc:datafield>
	<marc:datafield ind1=" " ind2=" " tag="040">
		<marc:subfield code="a">MWA</marc:subfield>
		<marc:subfield code="c">MWA</marc:subfield>
		<marc:subfield code="e">bdrb</marc:subfield>
	</marc:datafield>
	<marc:datafield ind1="1" ind2=" " tag="041">
		<marc:subfield code="a">engfre</marc:subfield>
	</marc:datafield>
	<marc:datafield ind1=" " ind2=" " tag="090">
		<marc:subfield code="f">h</marc:subfield>
		<marc:subfield code="n">\jl\</marc:subfield>
	</marc:datafield>
	<marc:datafield ind1="2" ind2="0" tag="100">
		<marc:subfield code="a">Ducray-Duminil,</marc:subfield>
		<marc:subfield code="c">M.</marc:subfield>
		<marc:subfield code="q">(Francois Guillaume),</marc:subfield>
		<marc:subfield code="d">1761-1819.</marc:subfield>
	</marc:datafield>
	<marc:datafield ind1="1" ind2="0" tag="240">
		<marc:subfield code="a">Alexis.</marc:subfield>
		<marc:subfield code="k">English</marc:subfield>
	</marc:datafield>
	<marc:datafield ind1="1" ind2="0" tag="245">
		<marc:subfield code="a">Alexis, or, The cottage in the woods :</marc:subfield>
		<marc:subfield code="b">A novel /</marc:subfield>
		<marc:subfield code="c">from the     French, the manuscript found on the banks of the Isere.</marc:subfield>
	</marc:datafield>
	<marc:datafield ind1=" " ind2=" " tag="246">
	    <marc:subfield code="a">Alexis or, the cottage in the woods. A novel. From the french. The manuscripts found on the banks of the Isere. The second American edition.</marc:subfield>
	</marc:datafield>
	<marc:datafield ind1=" " ind2=" " tag="250">
		<marc:subfield code="a">The second American edition</marc:subfield>
		<marc:subfield code="b">Second edition</marc:subfield>
	</marc:datafield>
	<marc:datafield ind1="0" ind2=" " tag="260">
		<marc:subfield code="a">Printed at Newburyport [Mass.] :</marc:subfield>
		<marc:subfield code="b">Printed at Newburyport, by W. Barrett, for Thomas and Andrews. Sold at their bookstore, No. 45; Newbury street, Boston; by said Thomas in Worcester; by Thomas, Andrews &amp; Penniman, Albany, and by Thomas, Andrews &amp; Penniman, Albany; and by Thomas, Andrews &amp; Butler, Baltimore.</marc:subfield>
		<marc:subfield code="c">1797</marc:subfield>
		<marc:subfield code="c">1797.</marc:subfield>
	</marc:datafield>
	<marc:datafield ind1=" " ind2=" " tag="300">
		<marc:subfield code="a">iv, 269 p. ;</marc:subfield>
		<marc:subfield code="c">19 cm. (12mo)</marc:subfield>
		<marc:subfield code="x">Duodecimo</marc:subfield>
	</marc:datafield>
	<marc:datafield ind1=" " ind2=" " tag="500">
		<marc:subfield code="a">Attributed to Francois Guillaume Ducray-Duminil in: Biographie nouvelle des contemporains, Paris, 1827.</marc:subfield>
	</marc:datafield>
	<marc:datafield ind1=" " ind2=" " tag="500">
		<marc:subfield code="a">Signatures: pi  A-Y  Z  (Z3 verso, Z4 blank).</marc:subfield>
	</marc:datafield>
	<marc:datafield ind1="4" ind2=" " tag="510">
		<marc:subfield code="a">Evans</marc:subfield>
		<marc:subfield code="c">32063</marc:subfield>
	</marc:datafield>
	<marc:datafield ind1="4" ind2=" " tag="510">
		<marc:subfield code="a">ESTC (RLIN)</marc:subfield>
		<marc:subfield code="c">W15324</marc:subfield>
	</marc:datafield>
	<marc:datafield ind1=" " ind2=" " tag="520">
	    <marc:subfield code="a">Table of contents</marc:subfield>
		<marc:subfield code="b">Contents.</marc:subfield>
		<marc:subfield code="c">Front</marc:subfield>
		<marc:subfield code="x">Located on pgs. iii-iv</marc:subfield>
	</marc:datafield>
	<marc:datafield ind1=" " ind2=" " tag="592">
	    <marc:subfield code="a">Third-person</marc:subfield>
	</marc:datafield>
	<marc:datafield ind1=" " ind2=" " tag="594">
	    <marc:subfield code="a">Mary Bayard Johnston</marc:subfield>
		<marc:subfield code="b">Ink</marc:subfield>
		<marc:subfield code="x">Located on title page</marc:subfield>
	</marc:datafield>
	<marc:datafield ind1=" " ind2=" " tag="594">
	    <marc:subfield code="a">Mary Bayard Johnston</marc:subfield>
		<marc:subfield code="b">Ink</marc:subfield>
		<marc:subfield code="x">Located on table of contents (verso)</marc:subfield>
	</marc:datafield>
	<marc:datafield ind1=" " ind2=" " tag="594">
		<marc:subfield code="a">Mary Bayard Johnston</marc:subfield>
		<marc:subfield code="b">Ink</marc:subfield>
		<marc:subfield code="x">Located on pg. 50</marc:subfield>
	</marc:datafield>
	<marc:datafield ind1=" " ind2=" " tag="596">
	    <marc:subfield code="a">Translation</marc:subfield>
		<marc:subfield code="b">Title page</marc:subfield>
		<marc:subfield code="c">French</marc:subfield>
		<marc:subfield code="e">From the French.</marc:subfield>
	</marc:datafield>
	<marc:datafield ind1=" " ind2="4" tag="650">
		<marc:subfield code="a">CHR 1797</marc:subfield>
	</marc:datafield>
	<marc:datafield ind1=" " ind2=" " tag="700">
	    <marc:subfield code="a">W. Barrett</marc:subfield>
		<marc:subfield code="4">Printed by</marc:subfield>
		<marc:subfield code="5">Unauthorized</marc:subfield>
	</marc:datafield>
	<marc:datafield ind1=" " ind2=" " tag="710">
	    <marc:subfield code="a">Thomas and Andrews</marc:subfield>
		<marc:subfield code="4">Printed for</marc:subfield>
		<marc:subfield code="5">Authorized</marc:subfield>
	</marc:datafield>
	<marc:datafield ind1=" " ind2=" " tag="710">
	    <marc:subfield code="a">Thomas and Andrews and Penniman</marc:subfield>
		<marc:subfield code="4">Sold by</marc:subfield>
		<marc:subfield code="5">Authorized</marc:subfield>
	</marc:datafield>
	<marc:datafield ind1=" " ind2=" " tag="710">
	    <marc:subfield code="a">Thomas and Andrews and Butler</marc:subfield>
		<marc:subfield code="4">Sold by</marc:subfield>
		<marc:subfield code="5">Authorized</marc:subfield>
	</marc:datafield>
	<marc:datafield ind1="2" ind2=" " tag="710">
		<marc:subfield code="a">Collection of British and American Fiction, 1660-1830 (University of Pennsylvania)</marc:subfield>
		<marc:subfield code="5">PU</marc:subfield>
	</marc:datafield>
	<marc:datafield ind1="2" ind2=" " tag="719">
		<marc:subfield code="a">Early Novels</marc:subfield>
		<marc:subfield code="5">University of Pennsylvania</marc:subfield>
	</marc:datafield>
	<marc:datafield ind1=" " ind2=" " tag="950">
		<marc:subfield code="l">RBC</marc:subfield>
		<marc:subfield code="a">PQ2220.D75</marc:subfield>
		<marc:subfield code="b">A4 1797</marc:subfield>
		<marc:subfield code="i">01/01/01 N</marc:subfield>
		<marc:subfield code="x">010</marc:subfield>
	</marc:datafield>
	<marc:datafield ind1=" " ind2=" " tag="955">
		<marc:subfield code="l">RBC</marc:subfield>
		<marc:subfield code="c">1</marc:subfield>
		<marc:subfield code="s">726345</marc:subfield>
		<marc:subfield code="s">recl. fr. 848/D855A.EB</marc:subfield>
	</marc:datafield>
	<marc:datafield ind1=" " ind2=" " tag="998">
		<marc:subfield code="s">9665</marc:subfield>
		<marc:subfield code="n">PU</marc:subfield>
		<marc:subfield code="z">BNA</marc:subfield>
	</marc:datafield>
	<marc:datafield ind1=" " ind2=" " tag="948">
		<marc:subfield code="a">jl</marc:subfield>
	</marc:datafield>
	<marc:datafield ind1=" " ind2=" " tag="989">
		<marc:subfield code="2">Cottage</marc:subfield>
		<marc:subfield code="2">Woods</marc:subfield>
		<marc:subfield code="2">French</marc:subfield>
		<marc:subfield code="2">Edition</marc:subfield>
		<marc:subfield code="2">American</marc:subfield>
		<marc:subfield code="2">Manuscript</marc:subfield>
		<marc:subfield code="2">Bank</marc:subfield>
		<marc:subfield code="3">Second</marc:subfield>
		<marc:subfield code="4">Isere</marc:subfield>
		<marc:subfield code="5">Alexis</marc:subfield>
		<marc:subfield code="6">Found</marc:subfield>
	</marc:datafield>
	<marc:datafield ind1=" " ind2=" " tag="999">
	    <marc:subfield code="a">OF</marc:subfield>
	    <marc:subfield code="b">7/27/18</marc:subfield>
	    <marc:subfield code="c">Carnegie Mellon University</marc:subfield>
	    <marc:subfield code="d">DPL</marc:subfield>
	</marc:datafield>
</marc:record>