
	<marc:record>
	<marc:leader>01312cam a2200361 i 4500</marc:leader>
	<marc:controlfield tag="005">20141215174335.0</marc:controlfield>
	<marc:controlfield tag="008">960213s1797    enk           000 1 eng d</marc:controlfield>
	<marc:controlfield tag="001">9927474683503681</marc:controlfield>
	<marc:datafield ind1=" " ind2=" " tag="035">
		<marc:subfield code="a">(OCoLC)ocm41221325</marc:subfield>
	</marc:datafield>
	<marc:datafield ind1=" " ind2=" " tag="035">
		<marc:subfield code="a">(OCoLC)41221325</marc:subfield>
	</marc:datafield>
	<marc:datafield ind1=" " ind2=" " tag="035">
		<marc:subfield code="a">(CStRLIN)MAHGBFQ07034-B</marc:subfield>
	</marc:datafield>
	<marc:datafield ind1=" " ind2=" " tag="035">
		<marc:subfield code="a">(PUVoyagerBIBID)2747468</marc:subfield>
	</marc:datafield>
	<marc:datafield ind1=" " ind2=" " tag="035">
		<marc:subfield code="a">2747468</marc:subfield>
	</marc:datafield>
	<marc:datafield ind1=" " ind2=" " tag="035">
		<marc:subfield code="a">(PU)2747468-penndb-Voyager</marc:subfield>
	</marc:datafield>
	<marc:datafield ind1=" " ind2=" " tag="035">
		<marc:subfield code="a">(PennHoldings)2943919</marc:subfield>
	</marc:datafield>
	<marc:datafield ind1=" " ind2=" " tag="040">
		<marc:subfield code="a">MH-H</marc:subfield>
		<marc:subfield code="c">MH-H</marc:subfield>
		<marc:subfield code="d">CStRLIN</marc:subfield>
		<marc:subfield code="d">PU</marc:subfield>
	</marc:datafield>
	<marc:datafield ind1=" " ind2="4" tag="050">
		<marc:subfield code="a">PR3991.A1</marc:subfield>
		<marc:subfield code="b">P359 1797</marc:subfield>
	</marc:datafield>
	<marc:datafield ind1="0" ind2="0" tag="245">
		<marc:subfield code="a">Percy, or, The friends :</marc:subfield>
		<marc:subfield code="b">a novel.</marc:subfield>
	</marc:datafield>
	<marc:datafield ind1="3" ind2="0" tag="246">
		<marc:subfield code="a">Percy</marc:subfield>
	</marc:datafield>
	<marc:datafield ind1="3" ind2="0" tag="246">
		<marc:subfield code="a">Friends</marc:subfield>
	</marc:datafield>
	<marc:datafield ind1=" " ind2=" " tag="246" >
        <marc:subfield code="a">Percy, or the Friends, A Novel.</marc:subfield>
        <marc:subfield code="d">Letter-press</marc:subfield>
        <marc:subfield code="g">Full</marc:subfield>
        <marc:subfield code="x">Work</marc:subfield>
    </marc:datafield>
    <marc:datafield ind1="0" ind2="7" tag="246" >
        <marc:subfield code="a">Percy.</marc:subfield>
    </marc:datafield>
    <marc:datafield ind1="0" ind2="7" tag="246" >
        <marc:subfield code="a">Percy. (verso)</marc:subfield>
        <marc:subfield code="a">Percy. (recto)</marc:subfield>
    </marc:datafield>
	<marc:datafield ind1=" " ind2=" " tag="260">
		<marc:subfield code="a">Salisbury</marc:subfield>
		<marc:subfield code="b">Printed and sold by J. Easton; Sold also by G. and T. Wilkie, No. 57, Pater-Noster-Row, London.</marc:subfield>
		<marc:subfield code="c">1797</marc:subfield>
		<marc:subfield code="c">1797.</marc:subfield>
	</marc:datafield>
	<marc:datafield ind1="0" ind2=" " tag="261">
        <marc:subfield code="b">Printed and sold by J. Easton</marc:subfield>
        <marc:subfield code="f">J. Easton</marc:subfield>
    </marc:datafield>
	<marc:datafield ind1=" " ind2=" " tag="300">
		<marc:subfield code="a">2 v. ;</marc:subfield>
		<marc:subfield code="c">18 cm. (12mo)</marc:subfield>
		<marc:subfield code="x">Duodecimo</marc:subfield>
	</marc:datafield>
	<marc:datafield ind1=" " ind2=" " tag="500">
		<marc:subfield code="a">Printed on blue paper.</marc:subfield>
	</marc:datafield>
	<marc:datafield ind1=" " ind2=" " tag="500">
		<marc:subfield code="a">Book Summary Slip included.</marc:subfield>
	</marc:datafield>
	<marc:datafield ind1="4" ind2=" " tag="510">
		<marc:subfield code="a">ESTC (RLIN)</marc:subfield>
		<marc:subfield code="c">T67641</marc:subfield>
	</marc:datafield>
	<marc:datafield ind1="4" ind2=" " tag="510">
		<marc:subfield code="a">English novel, 1770-1829,</marc:subfield>
		<marc:subfield code="c">1797:19</marc:subfield>
	</marc:datafield>
	<marc:datafield ind1="4" ind2=" " tag="510">
		<marc:subfield code="a">Block, A.  Engl. novel (1961 ed.),</marc:subfield>
		<marc:subfield code="c">p.182</marc:subfield>
	</marc:datafield>
	<marc:datafield ind1=" " ind2=" " tag="520" >
        <marc:subfield code="a">Dedication</marc:subfield>
        <marc:subfield code="b">To The Right Honourable the Countess of Oxford</marc:subfield>
        <marc:subfield code="c">Front</marc:subfield>        
        <marc:subfield code="x">Transcription of first sentence: My dear Madam, the friendship and confidence which has ever subsisted between us, suggested to me the idea of addressing to your Ladyship the following sheets.; Signed: Your Ladyship's very faithful, and most obedient servant, the author.</marc:subfield>     
   	</marc:datafield>
   	<marc:datafield ind1=" " ind2=" " tag="520" >
        <marc:subfield code="a">Preface</marc:subfield>
        <marc:subfield code="c">Front</marc:subfield>        
        <marc:subfield code="x">Transcription of first sentence: It is humbly hoped by the Author of these lines that an indulgent public will not be "severe to mark what is amiss."</marc:subfield>     
   	</marc:datafield>
   	<marc:datafield ind1=" " ind2=" " tag="520" >
        <marc:subfield code="a">Errata</marc:subfield>
        <marc:subfield code="b">Errata.</marc:subfield>
        <marc:subfield code="c">Back</marc:subfield>            
   	</marc:datafield>
	<marc:datafield ind1=" " ind2=" " tag="590">
		<marc:subfield code="a">Acquired for the Penn Libraries with assistance from the Rosengarten Family Fund.</marc:subfield>
	</marc:datafield>
	<marc:datafield ind1=" " ind2=" " tag="590">
		<marc:subfield code="a">Imperfect (?): t.p. of v. 2 wanting.</marc:subfield>
	</marc:datafield>
	<marc:datafield ind1=" " ind2=" " tag="590">
		<marc:subfield code="a">Bound in 1 vol.</marc:subfield>
	</marc:datafield>
	<marc:datafield ind1=" " ind2=" " tag="591">
        <marc:subfield code="a">"What is nothing earthly gives, or can destroy,--- The foul's calm sun-shine, and the heart-felt joy,--- Is virtue's prize."</marc:subfield>
        <marc:subfield code="1">Essay on Man</marc:subfield>
        <marc:subfield code="2">Pope</marc:subfield>
        <marc:subfield code="b">Essay on Man</marc:subfield>            
        <marc:subfield code="c">Alexander Pope</marc:subfield>            
    </marc:datafield>
    <marc:datafield ind1=" " ind2=" " tag="592">
        <marc:subfield code="a">Third-person</marc:subfield>
    </marc:datafield>
    <marc:datafield ind1=" " ind2=" " tag="594">
        <marc:subfield code="a">[illegible] 1815</marc:subfield>
        <marc:subfield code="b">Ink</marc:subfield>
		<marc:subfield code="x">Located on front paste-down endpaper</marc:subfield>
    </marc:datafield>
    <marc:datafield ind1=" " ind2=" " tag="599">
        <marc:subfield code="a">Author (paratext)</marc:subfield>
        <marc:subfield code="b">Generic/Descriptive</marc:subfield>
        <marc:subfield code="2">Your Ladyship's very faithful, and most obedient servant, the author.</marc:subfield>
        <marc:subfield code="3">Dedication</marc:subfield>
        <marc:subfield code="5">Indeterminate</marc:subfield>
    </marc:datafield>     
    <marc:datafield ind1=" " ind2=" " tag="599">
        <marc:subfield code="a">Author (text)</marc:subfield>
        <marc:subfield code="b">Generic/Descriptive</marc:subfield>
        <marc:subfield code="2">Your Ladyship's very faithful, and most obedient servant, the author.</marc:subfield>
        <marc:subfield code="3">Dedication</marc:subfield>
        <marc:subfield code="5">Indeterminate</marc:subfield>
    </marc:datafield> 
	<marc:datafield ind1=" " ind2="4" tag="650">
		<marc:subfield code="a">CHR 1797</marc:subfield>
	</marc:datafield>
	<marc:datafield ind1=" " ind2=" " tag="700">
        <marc:subfield code="a">Easton, James</marc:subfield>
        <marc:subfield code="d">1759-1839</marc:subfield>
        <marc:subfield code="4">Printed by</marc:subfield>
        <marc:subfield code="5">Authorized</marc:subfield>
    </marc:datafield>
    <marc:datafield ind1=" " ind2=" " tag="710">
        <marc:subfield code="a">G. and T. Wilkie (Firm)</marc:subfield>
        <marc:subfield code="4">Sold by</marc:subfield>
        <marc:subfield code="5">Authorized</marc:subfield>
    </marc:datafield>         
	<marc:datafield ind1="2" ind2=" " tag="710">
        <marc:subfield code="a">Early Novels</marc:subfield>
        <marc:subfield code="5">University of Pennsylvania</marc:subfield>
    </marc:datafield>
	<marc:datafield ind1="2" ind2=" " tag="710">
		<marc:subfield code="a">Collection of British and American Fiction, 1660-1830 (University of Pennsylvania)</marc:subfield>
		<marc:subfield code="5">PU</marc:subfield>
	</marc:datafield>
	<marc:datafield ind1="2" ind2=" " tag="710">
		<marc:subfield code="a">Rosengarten Family Fund.</marc:subfield>
		<marc:subfield code="5">PU</marc:subfield>
	</marc:datafield>
	<marc:datafield ind1="4" ind2="2" tag="856">
		<marc:subfield code="3">The Rosengarten Family Fund Home Page</marc:subfield>
		<marc:subfield code="u">http://hdl.library.upenn.edu/1017.12/366323</marc:subfield>
	</marc:datafield>
	<marc:datafield ind1=" " ind2=" " tag="998">
		<marc:subfield code="s">9555</marc:subfield>
	</marc:datafield>
	<marc:datafield ind1=" " ind2=" " tag="999">
		<marc:subfield code="a">f</marc:subfield>
		<marc:subfield code="b">2000/07/11</marc:subfield>
	</marc:datafield>
	<marc:datafield ind1=" " ind2=" " tag="989"> 
        <marc:subfield code="2">Friend</marc:subfield>
		<marc:subfield code="2">Novel</marc:subfield>
        <marc:subfield code="5">Percy</marc:subfield>
    </marc:datafield>
    <marc:datafield ind1=" " ind2=" " tag="999">
		<marc:subfield code="a">IC</marc:subfield>
		<marc:subfield code="b">7/27/18</marc:subfield>
		<marc:subfield code="c">University of Pennsylvania</marc:subfield>
		<marc:subfield code="d">OF</marc:subfield>
	</marc:datafield>
</marc:record>