
<marc:record>
	<marc:leader>02105cam a22004211  4500</marc:leader>
	<marc:controlfield tag="005">20141218191553.0</marc:controlfield>
	<marc:controlfield tag="008">870728s1797    enka   j      000 1 eng d</marc:controlfield>
	<marc:controlfield tag="001">9938665243503681</marc:controlfield>
	<marc:datafield ind1=" " ind2=" " tag="035">
		<marc:subfield code="a">(OCoLC)ocm43124946</marc:subfield>
	</marc:datafield>
	<marc:datafield ind1=" " ind2=" " tag="035">
		<marc:subfield code="a">(OCoLC)43124946</marc:subfield>
	</marc:datafield>
	<marc:datafield ind1=" " ind2=" " tag="035">
		<marc:subfield code="a">(PUVoyagerBIBID)3866524</marc:subfield>
	</marc:datafield>
	<marc:datafield ind1=" " ind2=" " tag="035">
		<marc:subfield code="a">3866524</marc:subfield>
	</marc:datafield>
	<marc:datafield ind1=" " ind2=" " tag="035">
		<marc:subfield code="a">(PU)3866524-penndb-Voyager</marc:subfield>
	</marc:datafield>
	<marc:datafield ind1=" " ind2=" " tag="035">
		<marc:subfield code="a">(PennHoldings)4027981</marc:subfield>
	</marc:datafield>	
	<marc:datafield ind1=" " ind2=" " tag="040">
		<marc:subfield code="a">MnU</marc:subfield>
		<marc:subfield code="b">eng</marc:subfield>
		<marc:subfield code="c">CaOTULAS</marc:subfield>
		<marc:subfield code="d">PU</marc:subfield>
	</marc:datafield>	
	<marc:datafield ind1=" " ind2="4" tag="050">
		<marc:subfield code="a">PZ6</marc:subfield>
		<marc:subfield code="b">.V7114 1797</marc:subfield>
	</marc:datafield>
	<marc:datafield ind1=" " ind2=" " tag="090">
		<marc:subfield code="a">824V71</marc:subfield>
		<marc:subfield code="b">I</marc:subfield>
	</marc:datafield>	
	<marc:datafield ind1="0" ind2="4" tag="245">
		<marc:subfield code="a">The Village orphan;</marc:subfield>
		<marc:subfield code="b">a tale for youth: To which is added, The basket-maker, an original fragment: Ornamented with vignettes on wood.</marc:subfield>
	</marc:datafield>	
	<marc:datafield ind1=" " ind2=" " tag="246">
		<marc:subfield code="a">The village orphan; a tale for youth. To which is added, the basket-maker, an original fragment. Ornamented with vignettes on wood.</marc:subfield>
		<marc:subfield code="d">Letter-press</marc:subfield>
		<marc:subfield code="d">Full</marc:subfield>
		<marc:subfield code="x">Work</marc:subfield>
	</marc:datafield>	
	<marc:datafield ind1="0" ind2="7" tag="246">
		<marc:subfield code="a">The village orphan.</marc:subfield>
	</marc:datafield>
	<marc:datafield ind1="0" ind2="7" tag="246">
		<marc:subfield code="a">The village orphan. (verso)</marc:subfield>
		<marc:subfield code="a">The village orphan. (recto)</marc:subfield>
	</marc:datafield>
	<marc:datafield ind1="0" ind2="7" tag="246">
		<marc:subfield code="a">The basket-maker.</marc:subfield>
	</marc:datafield>
	<marc:datafield ind1="0" ind2="7" tag="246">
		<marc:subfield code="a">The basket-maker. (verso)</marc:subfield>
		<marc:subfield code="a">The basket-maker (recto)</marc:subfield>
	</marc:datafield>
	<marc:datafield ind1="3" ind2="0" tag="246">
		<marc:subfield code="a">Basket-maker</marc:subfield>
	</marc:datafield>
	<marc:datafield ind1="3" ind2=" " tag="246">
		<marc:subfield code="a">Basket maker</marc:subfield>
	</marc:datafield>	
	<marc:datafield ind1=" " ind2=" " tag="260">
		<marc:subfield code="a">London</marc:subfield>
		<marc:subfield code="b">Printed by C. Whittingham, for Longman and Rees, Paternoster Row.</marc:subfield>
		<marc:subfield code="c">[1797?]</marc:subfield>
	</marc:datafield>
	<marc:datafield ind1=" " ind2=" " tag="300">
		<marc:subfield code="a">140 p.:</marc:subfield>
		<marc:subfield code="b">ill.;</marc:subfield>
		<marc:subfield code="c">18 cm. (12mo)</marc:subfield>
		<marc:subfield code="x">Duodecimo</marc:subfield>
	</marc:datafield>
	<marc:datafield ind1=" " ind2=" " tag="500">
		<marc:subfield code="a">Paper watermarked 1797 -- ESTC.</marc:subfield>
	</marc:datafield>
	<marc:datafield ind1=" " ind2=" " tag="500">
		<marc:subfield code="a">Date attributed by ESTC, however, the Whittingham ledgers marc:record that the work was run off the press in late 1798 or early 1799 -- Cf. Warren.</marc:subfield>
	</marc:datafield>
	<marc:datafield ind1=" " ind2=" " tag="500">
		<marc:subfield code="a">Whittingham's "first example of a book illustrated with wood-cuts was 'Pity's gift' printed in 1798, followed by two companion volumes, 'The village orphan' and 'The basket maker'." - Dict. nat. biog.</marc:subfield>
	</marc:datafield>
	<marc:datafield ind1=" " ind2=" " tag="500">
		<marc:subfield code="a">Woodcuts: title vignette, illustrations, tail-pieces.</marc:subfield>
	</marc:datafield>
	<marc:datafield ind1=" " ind2=" " tag="500">
		<marc:subfield code="a">Illustrations have erroneously been attributed to John Bewick; cf. Hugo, T. Bewick, Suppl. p. 322.</marc:subfield>
	</marc:datafield>
	<marc:datafield ind1=" " ind2=" " tag="500">
		<marc:subfield code="a">Book plate on front pastedown endpaper with an emblem: "T: Scott."</marc:subfield>
	</marc:datafield>
	<marc:datafield ind1=" " ind2=" " tag="500">
		<marc:subfield code="a">Engraving on title page and at the head of each chapter.</marc:subfield>
	</marc:datafield>
	<marc:datafield ind1=" " ind2=" " tag="505">
	    <marc:subfield code="a">Contains works: The village orphan; The basket-maker, an original fragment</marc:subfield>
	</marc:datafield>
	<marc:datafield ind1="4" ind2=" " tag="510">
		<marc:subfield code="a">Osborne Coll.</marc:subfield>
		<marc:subfield code="c">p. 316</marc:subfield>
	</marc:datafield>
	<marc:datafield ind1="4" ind2=" " tag="510">
		<marc:subfield code="a">ESTC</marc:subfield>
		<marc:subfield code="c">N48767</marc:subfield>
	</marc:datafield>
	<marc:datafield ind1="4" ind2=" " tag="510">
		<marc:subfield code="a">English novel, 1770-1829,</marc:subfield>
		<marc:subfield code="c">1799:14</marc:subfield>
	</marc:datafield>
	<marc:datafield ind1="4" ind2=" " tag="510">
		<marc:subfield code="a">Warren, A.  The Charles Whittinghams, Grolier Club, 1886,</marc:subfield>
		<marc:subfield code="c">p. 30-31</marc:subfield>
	</marc:datafield>
	<marc:datafield ind1=" " ind2=" " tag="520">
		<marc:subfield code="a">Advertisement</marc:subfield>
		<marc:subfield code="b">Advertisement.</marc:subfield>
		<marc:subfield code="c">Front</marc:subfield>
		<marc:subfield code="x">Transcription: "This simple tale is intended to cherish in the minds of youth, those natural principles of rectitude and benevolence, which powerfully tend to promote the best interests of society, rather by the influence of example arising from a natural unartificial development of incidents, which every day occur in the ordinary walks of human life, than by that of precept, or a studied display of those artificial characters in high life, who move in a sphere far beyond the reach of the ordinary classes of men."</marc:subfield>
	</marc:datafield>
	<marc:datafield ind1=" " ind2=" " tag="590">
		<marc:subfield code="a">Acquired for the Penn Libraries with assistance from the Alumni and Friends Memorial Book Fund.</marc:subfield>
	</marc:datafield>		
	<marc:datafield ind1=" " ind2=" " tag="592">
		<marc:subfield code="a">Third-person</marc:subfield>
	</marc:datafield>	
	<marc:datafield ind1=" " ind2="0" tag="650">
		<marc:subfield code="a">Orphans</marc:subfield>
		<marc:subfield code="v">Juvenile literature.</marc:subfield>
	</marc:datafield>
	<marc:datafield ind1=" " ind2="4" tag="650">
		<marc:subfield code="a">CHR 1797?</marc:subfield>
	</marc:datafield>
	<marc:datafield ind1=" " ind2="4" tag="650">
		<marc:subfield code="a">PRO Scott, T. (bookmark)</marc:subfield>
	</marc:datafield>	
	<marc:datafield ind1=" " ind2=" " tag="700">
		<marc:subfield code="a">Whittingham, Charles</marc:subfield>
		<marc:subfield code="d">1767-1840</marc:subfield>
		<marc:subfield code="4">Printed by</marc:subfield>
		<marc:subfield code="5">Authorized</marc:subfield>
	</marc:datafield>
	<marc:datafield ind1=" " ind2=" " tag="700">
		<marc:subfield code="a">Bewick, John</marc:subfield>
		<marc:subfield code="d">1760-1795</marc:subfield>
	</marc:datafield>
	<marc:datafield ind1=" " ind2=" " tag="710">
		<marc:subfield code="a">Longman and Rees</marc:subfield>
		<marc:subfield code="4">Printed for</marc:subfield>
		<marc:subfield code="5">Authorized</marc:subfield>
	</marc:datafield>	
	<marc:datafield ind1="2" ind2=" " tag="710">
		<marc:subfield code="a">Collection of British and American Fiction, 1660-1830 (University of Pennsylvania)</marc:subfield>
		<marc:subfield code="5">PU</marc:subfield>
	</marc:datafield>
	<marc:datafield ind1="2" ind2=" " tag="710">
		<marc:subfield code="a">Early Novels</marc:subfield>
		<marc:subfield code="5">University of Pennsylvania</marc:subfield>
	</marc:datafield>
	<marc:datafield ind1="2" ind2=" " tag="710">
		<marc:subfield code="a">Alumni and Friends Memorial Book Fund.</marc:subfield>
		<marc:subfield code="5">PU</marc:subfield>
	</marc:datafield>
	<marc:datafield ind1="4" ind2="2" tag="856">
		<marc:subfield code="3">The Alumni and Friends Memorial Book Fund Home Page</marc:subfield>
		<marc:subfield code="u">http://hdl.library.upenn.edu/1017.12/366295</marc:subfield>
	</marc:datafield>	
	<marc:datafield ind1=" " ind2=" " tag="989">
		<marc:subfield code="2">Village</marc:subfield>
		<marc:subfield code="2">Orphan</marc:subfield>
		<marc:subfield code="2">Tale</marc:subfield>
		<marc:subfield code="2">Youth</marc:subfield>
		<marc:subfield code="2">Basket-maker</marc:subfield>
		<marc:subfield code="2">Vignette</marc:subfield>
		<marc:subfield code="2">Wood</marc:subfield>
		<marc:subfield code="6">Add</marc:subfield>
		<marc:subfield code="6">Ornament</marc:subfield>
	</marc:datafield>	
	<marc:datafield ind1=" " ind2=" " tag="999">
		<marc:subfield code="a">AS</marc:subfield>
		<marc:subfield code="b">7/26/18</marc:subfield>
		<marc:subfield code="c">University of Pennsylvania</marc:subfield>
		<marc:subfield code="d">OF</marc:subfield>
	</marc:datafield>
</marc:record>