<marc:record>
	<marc:leader>01615cam a2200373 a 4500</marc:leader>
	<marc:controlfield tag="005">20141219113050.0</marc:controlfield>
	<marc:controlfield tag="008">901120s1797    enkaf  j      000 1 eng d</marc:controlfield>
	<marc:controlfield tag="001">9948142603503681</marc:controlfield>
	<marc:datafield ind1=" " ind2=" " tag="035">
		<marc:subfield code="a">(OCoLC)ocm22718133</marc:subfield>
	</marc:datafield>
	<marc:datafield ind1=" " ind2=" " tag="035">
		<marc:subfield code="a">(OCoLC)22718133</marc:subfield>
	</marc:datafield>
	<marc:datafield ind1=" " ind2=" " tag="035">
		<marc:subfield code="a">(PUVoyagerBIBID)4814260</marc:subfield>
	</marc:datafield>
	<marc:datafield ind1=" " ind2=" " tag="035">
		<marc:subfield code="a">4814260</marc:subfield>
	</marc:datafield>
	<marc:datafield ind1=" " ind2=" " tag="035">
		<marc:subfield code="a">(PU)4814260-penndb-Voyager</marc:subfield>
	</marc:datafield>
	<marc:datafield ind1=" " ind2=" " tag="035">
		<marc:subfield code="a">(PennHoldings)4885042</marc:subfield>
	</marc:datafield>
	<marc:datafield ind1=" " ind2=" " tag="040">
		<marc:subfield code="a">CLU</marc:subfield>
		<marc:subfield code="b">eng</marc:subfield>
		<marc:subfield code="c">CLU</marc:subfield>
		<marc:subfield code="d">OCLCG</marc:subfield>
		<marc:subfield code="d">AN#</marc:subfield>
		<marc:subfield code="d">OCLCQ</marc:subfield>
		<marc:subfield code="d">PAU</marc:subfield>
	</marc:datafield>
	<marc:datafield ind1=" " ind2="4" tag="050">
		<marc:subfield code="a">PR5178.P8</marc:subfield>
		<marc:subfield code="b">P53 1797</marc:subfield>
	</marc:datafield>
	<marc:datafield ind1="1" ind2=" " tag="100">
		<marc:subfield code="a">Pilkington,</marc:subfield>
		<marc:subfield code="c">Mrs.</marc:subfield>
		<marc:subfield code="q">(Mary),</marc:subfield>
		<marc:subfield code="d">1766-1839.</marc:subfield>
	</marc:datafield>
	<marc:datafield ind1="1" ind2="0" tag="245">
		<marc:subfield code="a">Obedience rewarded, and prejudice conquered, or, The history of Mortimer Lascells :</marc:subfield>
		<marc:subfield code="b">written for the instruction and amusement of young people /</marc:subfield>
		<marc:subfield code="c">by Mrs. Pilkington.</marc:subfield>
	</marc:datafield>
	<marc:datafield ind1="3" ind2=" " tag="246">
		<marc:subfield code="a">History of Mortimer Lascells</marc:subfield>
	</marc:datafield>
	<marc:datafield ind1=" " ind2=" " tag="246" >
        <marc:subfield code="a">Obedience Rewarded, and Prejudice Conquered.</marc:subfield>
        <marc:subfield code="d">Letter-press</marc:subfield>
        <marc:subfield code="g">Half</marc:subfield>
        <marc:subfield code="x">Work</marc:subfield>
    </marc:datafield>
	<marc:datafield ind1=" " ind2=" " tag="246" >
        <marc:subfield code="a">Obedience Rewarded, and Prejudice Conquered; or, the History of Mortimer Lascells. By Mrs. Pilkington. Written For the Instruction and Amusement of Young People.</marc:subfield>
        <marc:subfield code="d">Letter-press</marc:subfield>
        <marc:subfield code="g">Full</marc:subfield>
        <marc:subfield code="x">Work</marc:subfield>
    </marc:datafield>
	<marc:datafield ind1=" " ind2=" " tag="260">
		<marc:subfield code="a">London</marc:subfield>
		<marc:subfield code="b">Printed for Vernor &amp; Hood, No. 31, Poultry; and E. Newbery, Corner of St. Paul's Church-Yard.</marc:subfield>
		<marc:subfield code="c">1797.</marc:subfield>
		<marc:subfield code="c">1797</marc:subfield>
	</marc:datafield>
	<marc:datafield ind1=" " ind2=" " tag="300">
		<marc:subfield code="a">[4], 206, [6] p., [1] leaf of plates :</marc:subfield>
		<marc:subfield code="b">ill. ;</marc:subfield>
		<marc:subfield code="c">18 cm. (12mo)</marc:subfield>
		<marc:subfield code="x">Duodecimo</marc:subfield>
	</marc:datafield>
	<marc:datafield ind1=" " ind2=" " tag="500">
		<marc:subfield code="a">Engraved frontispiece.</marc:subfield>
	</marc:datafield>
	<marc:datafield ind1=" " ind2=" " tag="500">
		<marc:subfield code="a">Advertisements on p. [1]-[6] at end.</marc:subfield>
	</marc:datafield>
	<marc:datafield ind1="4" ind2=" " tag="510">
		<marc:subfield code="a">Block, A. Engl. novel,</marc:subfield>
		<marc:subfield code="c">p. 185</marc:subfield>
	</marc:datafield>
	<marc:datafield ind1="4" ind2=" " tag="510">
		<marc:subfield code="a">Roscoe, S. John Newbery and his successors</marc:subfield>
		<marc:subfield code="c">J285</marc:subfield>
	</marc:datafield>
	<marc:datafield ind1="4" ind2=" " tag="510">
		<marc:subfield code="a">ESTC</marc:subfield>
		<marc:subfield code="c">T135981</marc:subfield>
	</marc:datafield>
	<marc:datafield ind1=" " ind2=" " tag="590">
		<marc:subfield code="a">Acquired for the Penn Libraries with assistance from the Class of 1932 Fund.</marc:subfield>
	</marc:datafield>
	<marc:datafield ind1=" " ind2=" " tag="592">
        <marc:subfield code="a">Third-person</marc:subfield>
    </marc:datafield>
    <marc:datafield ind1=" " ind2=" " tag="594">
        <marc:subfield code="a">A Gift of Mr. Wheeler</marc:subfield>
        <marc:subfield code="b">Ink</marc:subfield>
        <marc:subfield code="x">On Frontispiece</marc:subfield>
    </marc:datafield>
	<marc:datafield ind1=" " ind2=" " tag="595">
        <marc:subfield code="a">Ink</marc:subfield>
        <marc:subfield code="b">Numbers</marc:subfield>
        <marc:subfield code="x">On front paste-down and free endpaper</marc:subfield>
	</marc:datafield>
	<marc:datafield ind1=" " ind2=" " tag="595">
        <marc:subfield code="a">Ink</marc:subfield>
        <marc:subfield code="b">Words</marc:subfield>
        <marc:subfield code="x">On verso of the half title page, the half title page and the recto of the page after the half title page. </marc:subfield>
	</marc:datafield>
	<marc:datafield ind1=" " ind2=" " tag="595">
        <marc:subfield code="a">Ink</marc:subfield>
        <marc:subfield code="b">Reader Markigs</marc:subfield>
        <marc:subfield code="x">Scribblings on pages 3, 180, 181, 198.</marc:subfield>
	</marc:datafield>
	<marc:datafield ind1=" " ind2=" " tag="595">
        <marc:subfield code="a">Ink</marc:subfield>
        <marc:subfield code="b">Reader Markigs</marc:subfield>
        <marc:subfield code="x">Scribblings and writings on verso of the back free endpaper, back free endpaper, and back paste-down endpaper.</marc:subfield>
	</marc:datafield>
	<marc:datafield ind1=" " ind2=" " tag="599">
        <marc:subfield code="a">Author (text)</marc:subfield>
        <marc:subfield code="b">Proper name</marc:subfield>
        <marc:subfield code="2">By Mrs. Pilkington</marc:subfield>
        <marc:subfield code="3">Title Page</marc:subfield>
        <marc:subfield code="5">Female</marc:subfield>
        <marc:subfield code="6">Female</marc:subfield>
    </marc:datafield> 
	<marc:datafield ind1=" " ind2="0" tag="650">
		<marc:subfield code="a">Children's stories.</marc:subfield>
	</marc:datafield>
	<marc:datafield ind1=" " ind2="4" tag="650">
		<marc:subfield code="a">CHR 1797</marc:subfield>
	</marc:datafield>
	<marc:datafield ind1=" " ind2="4" tag="650">
		<marc:subfield code="a">PRO Wheeler, John Edward (autograph, 8/8/1798)</marc:subfield>
	</marc:datafield>
	<marc:datafield ind1=" " ind2="7" tag="655">
		<marc:subfield code="a">Advertisements</marc:subfield>
		<marc:subfield code="z">Great Britain</marc:subfield>
		<marc:subfield code="z">London</marc:subfield>
		<marc:subfield code="y">18th century.</marc:subfield>
		<marc:subfield code="2">rbgenr</marc:subfield>
	</marc:datafield>
	<marc:datafield ind1=" " ind2=" " tag="656">
        <marc:subfield code="a">Mixed Genre</marc:subfield>
        <marc:subfield code="b">Back</marc:subfield>
        <marc:subfield code="c">Same publisher</marc:subfield>
    </marc:datafield>
    <marc:datafield ind1=" " ind2=" " tag="700">
        <marc:subfield code="a">Newbery, E. (Elizabeth)</marc:subfield>
        <marc:subfield code="d">1746-1821</marc:subfield>
        <marc:subfield code="4">Printed For</marc:subfield>
        <marc:subfield code="5">Authorized</marc:subfield>
    </marc:datafield>
    <marc:datafield ind1=" " ind2=" " tag="700">
        <marc:subfield code="a">Pilkington, Mary</marc:subfield>
        <marc:subfield code="d">1766-1839</marc:subfield>
        <marc:subfield code="4">Author (text)</marc:subfield>
        <marc:subfield code="5">Authorized</marc:subfield>
    </marc:datafield>
    <marc:datafield ind1=" " ind2=" " tag="700">
        <marc:subfield code="a">John Edward Wheeler</marc:subfield>
        <marc:subfield code="4">Inscribed by</marc:subfield>
        <marc:subfield code="5">Unauthorized</marc:subfield>
    </marc:datafield>
  <marc:datafield ind1=" " ind2=" " tag="710">
        <marc:subfield code="a">Vernor and Hood</marc:subfield>
        <marc:subfield code="4">Printed for</marc:subfield>
        <marc:subfield code="5">Authorized</marc:subfield>
    </marc:datafield>         
	<marc:datafield ind1="2" ind2=" " tag="710">
        <marc:subfield code="a">Early Novels</marc:subfield>
        <marc:subfield code="5">University of Pennsylvania</marc:subfield>
    </marc:datafield>
	<marc:datafield ind1="2" ind2=" " tag="710">
		<marc:subfield code="a">Collection of British and American Fiction, 1660-1830 (University of Pennsylvania)</marc:subfield>
		<marc:subfield code="5">PU</marc:subfield>
	</marc:datafield>
	<marc:datafield ind1="2" ind2=" " tag="710">
		<marc:subfield code="a">Class of 1932 Fund.</marc:subfield>
		<marc:subfield code="5">PU</marc:subfield>
	</marc:datafield>
	<marc:datafield ind1=" " ind2=" " tag="752">
		<marc:subfield code="a">England</marc:subfield>
		<marc:subfield code="d">London.</marc:subfield>
	</marc:datafield>
	<marc:datafield ind1="4" ind2="2" tag="856">
		<marc:subfield code="3">The Class of 1932 Fund Home Page</marc:subfield>
		<marc:subfield code="u">http://hdl.library.upenn.edu/1017.12/366302</marc:subfield>
	</marc:datafield>
	<marc:datafield ind1=" " ind2=" " tag="994">
		<marc:subfield code="a">C0</marc:subfield>
		<marc:subfield code="b">PAU</marc:subfield>
	</marc:datafield>
	<marc:datafield ind1=" " ind2=" " tag="989"> 
        <marc:subfield code="2">Obedience</marc:subfield>
        <marc:subfield code="2">Prejudice</marc:subfield>
        <marc:subfield code="2">History</marc:subfield>
        <marc:subfield code="2">Instruction</marc:subfield>
        <marc:subfield code="2">Amusement</marc:subfield>
        <marc:subfield code="2">People</marc:subfield>
        <marc:subfield code="3">Young</marc:subfield>
        <marc:subfield code="5">Mortimer Lascells</marc:subfield>
        <marc:subfield code="5">Mrs. Pilkington</marc:subfield>
        <marc:subfield code="6">Written</marc:subfield>
        <marc:subfield code="6">Rewarded</marc:subfield>
        <marc:subfield code="6">Conquered</marc:subfield>
    </marc:datafield>
    <marc:datafield ind1=" " ind2=" " tag="999">
		<marc:subfield code="a">IC</marc:subfield>
		<marc:subfield code="b">7/26/18</marc:subfield>
		<marc:subfield code="c">University of Pennsylvania</marc:subfield>
    	<marc:subfield code="d">DPL</marc:subfield>
	</marc:datafield>
</marc:record>