
	<marc:record>
	<marc:leader>01228cam a2200313 a 4500</marc:leader>
	<marc:controlfield tag="005">20141119141436.0</marc:controlfield>
	<marc:controlfield tag="008">870402s1798    enk           00011 eng d</marc:controlfield>
	<marc:controlfield tag="001">99544163503681</marc:controlfield>
	<marc:datafield ind1=" " ind2=" " tag="035">
		<marc:subfield code="a">(OCoLC)ocm04086388</marc:subfield>
	</marc:datafield>
	<marc:datafield ind1=" " ind2=" " tag="035">
		<marc:subfield code="a">(OCoLC)4086388</marc:subfield>
	</marc:datafield>
	<marc:datafield ind1=" " ind2=" " tag="035">
		<marc:subfield code="a">(CStRLIN)PAUG87-B10157</marc:subfield>
	</marc:datafield>
	<marc:datafield ind1=" " ind2=" " tag="035">
		<marc:subfield code="a">(CaOTULAS)185140929</marc:subfield>
	</marc:datafield>
	<marc:datafield ind1=" " ind2=" " tag="035">
		<marc:subfield code="9">AAG2857</marc:subfield>
	</marc:datafield>
	<marc:datafield ind1=" " ind2=" " tag="035">
		<marc:subfield code="a">54416</marc:subfield>
	</marc:datafield>
	<marc:datafield ind1=" " ind2=" " tag="035">
		<marc:subfield code="a">(PU)54416-penndb-Voyager</marc:subfield>
	</marc:datafield>
	<marc:datafield ind1=" " ind2=" " tag="035">
		<marc:subfield code="a">(PennHoldings)68767</marc:subfield>
	</marc:datafield>
	<marc:datafield ind1=" " ind2=" " tag="040">
		<marc:subfield code="a">NjP</marc:subfield>
		<marc:subfield code="c">NjP</marc:subfield>
		<marc:subfield code="d">PU</marc:subfield>
	</marc:datafield>
	<marc:datafield ind1=" " ind2=" " tag="090">
		<marc:subfield code="a">PR3688.S4</marc:subfield>
		<marc:subfield code="b">Y6 1798</marc:subfield>
		<marc:subfield code="i">04/19/88 C</marc:subfield>
		<marc:subfield code="h">04/02/87 CT</marc:subfield>
	</marc:datafield>
	<marc:datafield ind1="1" ind2="0" tag="100">
		<marc:subfield code="a">Smith, Charlotte Turner,</marc:subfield>
		<marc:subfield code="d">1749-1806.</marc:subfield>
	</marc:datafield>
	<marc:datafield ind1="1" ind2="4" tag="245">
		<marc:subfield code="a">The young philosopher :</marc:subfield>
		<marc:subfield code="c">by Charlotte Smith.</marc:subfield>
	</marc:datafield>
    <marc:datafield ind1=" " ind2=" " tag="246" >
        <marc:subfield code="a">The Young Philosopher: A Novel. In Four Volumes. By Charlotte Smith. Vol. I.</marc:subfield>
        <marc:subfield code="d">Letter-press</marc:subfield>
        <marc:subfield code="g">Full</marc:subfield>
        <marc:subfield code="x">Volume</marc:subfield>
        <marc:subfield code="v">v.1</marc:subfield>
    </marc:datafield>
    <marc:datafield ind1=" " ind2=" " tag="246" >
        <marc:subfield code="a">The Young Philosopher: A Novel. In Four Volumes. By Charlotte Smith. Vol. II.</marc:subfield>
        <marc:subfield code="d">Letter-press</marc:subfield>
        <marc:subfield code="g">Full</marc:subfield>
        <marc:subfield code="x">Volume</marc:subfield>
        <marc:subfield code="v">v.2</marc:subfield>
    </marc:datafield>
    <marc:datafield ind1=" " ind2=" " tag="246" >
        <marc:subfield code="a">The Young Philosopher: A Novel. In Four Volumes. By Charlotte Smith. Vol. III.</marc:subfield>
        <marc:subfield code="d">Letter-press</marc:subfield>
        <marc:subfield code="g">Full</marc:subfield>
        <marc:subfield code="x">Volume</marc:subfield>
        <marc:subfield code="v">v.3</marc:subfield>
    </marc:datafield>
    <marc:datafield ind1=" " ind2=" " tag="246" >
        <marc:subfield code="a">The Young Philosopher: A Novel. In Four Volumes. By Charlotte Smith. Vol. IV.</marc:subfield>
        <marc:subfield code="d">Letter-press</marc:subfield>
        <marc:subfield code="g">Full</marc:subfield>
        <marc:subfield code="x">Volume</marc:subfield>
        <marc:subfield code="v">v.4</marc:subfield>
    </marc:datafield>
	<marc:datafield ind1="0" ind2="7" tag="246" >
        <marc:subfield code="a">The Young Philosopher.</marc:subfield>
    </marc:datafield>
    <marc:datafield ind1="0" ind2="7" tag="246" >
        <marc:subfield code="a">The Young (verso)</marc:subfield>
        <marc:subfield code="a">Philosopher (recto)</marc:subfield>
    </marc:datafield>
	<marc:datafield ind1="0" ind2=" " tag="260">
		<marc:subfield code="a">London</marc:subfield>
		<marc:subfield code="b">Printed por [sic] T. Cadell, Jun. and W. Davies, in the Strand.</marc:subfield>
		<marc:subfield code="c">1798</marc:subfield>
		<marc:subfield code="c">1798.</marc:subfield>
	</marc:datafield>
	<marc:datafield ind1=" " ind2=" " tag="300">
		<marc:subfield code="a">4 v. ;</marc:subfield>
		<marc:subfield code="c">18 cm. (12 mo)</marc:subfield>
		<marc:subfield code="x">Duodecimo</marc:subfield>
		<marc:subfield code="z">In Four Volumes</marc:subfield>
	</marc:datafield>
	<marc:datafield ind1=" " ind2=" " tag="500">
		<marc:subfield code="a">Signatures : A4B-M12N6 (v. 1); pi1 B-R12 S8 (v. 2); pi1 B-M12N10 (v. 3); pi1 B-R12 S8 (v. 4).</marc:subfield>
	</marc:datafield>
	<marc:datafield ind1="4" ind2=" " tag="510">
		<marc:subfield code="a">ESTC (RLIN)</marc:subfield>
		<marc:subfield code="c">T71900</marc:subfield>
	</marc:datafield>
	<marc:datafield ind1="4" ind2=" " tag="510">
		<marc:subfield code="a">English novel, 1770-1829,</marc:subfield>
		<marc:subfield code="c">1798:67</marc:subfield>
	</marc:datafield>
	<marc:datafield ind1="4" ind2=" " tag="510">
		<marc:subfield code="a">Block, A.  Engl. novel (1961 ed.),</marc:subfield>
		<marc:subfield code="c">p. 220</marc:subfield>
	</marc:datafield>
	<marc:datafield ind1=" " ind2=" " tag="520" >
        <marc:subfield code="a">Preface</marc:subfield>
        <marc:subfield code="b">Preface.</marc:subfield>
        <marc:subfield code="c">Front</marc:subfield>
        <marc:subfield code="v">v.1</marc:subfield>
        <marc:subfield code="x">Transcription of first sentence: It is, I believe, in a work written by Mrs. Sarah Fielding, and now out of print, called "The Art of Tormenting," that I have read the following fable: "A society of animals were once disputing on various modes of suffering and of death; many offered their opinions, but it was at length agreed that the sheep, as the most frequent victim, could give the best account of the agonies inflicted by the teeth and claws of beast of prey."; Signed: Charlotte Smith.; Date: London, June 6th, 1798.</marc:subfield>     
   	</marc:datafield>
   	<marc:datafield ind1=" " ind2=" " tag="520" >
        <marc:subfield code="a">Footnotes</marc:subfield>
        <marc:subfield code="c">Middle</marc:subfield>
        <marc:subfield code="v">v.1</marc:subfield>
        <marc:subfield code="x">Footnotes on pages: 88-89, 90-91, 146.</marc:subfield>     
   	</marc:datafield>
   	<marc:datafield ind1=" " ind2=" " tag="520" >
        <marc:subfield code="a">Footnotes</marc:subfield>
        <marc:subfield code="c">Middle</marc:subfield>
        <marc:subfield code="v">v.2</marc:subfield>
        <marc:subfield code="x">Footnotes on pages: 89, 94, 103, 107, 108, 110, 113, 114, 143, 147, 151, 152, 161, 164, 165, 166, 167, 175.</marc:subfield>     
   	</marc:datafield>
   	<marc:datafield ind1=" " ind2=" " tag="520" >
        <marc:subfield code="a">Footnotes</marc:subfield>
        <marc:subfield code="c">Middle</marc:subfield>
        <marc:subfield code="v">v.3</marc:subfield>
        <marc:subfield code="x">Footnotes on pages: 11, 32, 46, 47, 49, 52, 86, 126, 137, 250, 251.</marc:subfield>     
   	</marc:datafield>
   	<marc:datafield ind1=" " ind2=" " tag="520" >
        <marc:subfield code="a">Footnotes</marc:subfield>
        <marc:subfield code="c">Middle</marc:subfield>
        <marc:subfield code="v">v.4</marc:subfield>
        <marc:subfield code="x">Footnotes on pages: 6, 59, 87, 145, 365.</marc:subfield>     
   	</marc:datafield>
   	<marc:datafield ind1=" " ind2=" " tag="591">
        <marc:subfield code="a">Of man, when warm'd by Reason's purest ray,--- No slave of Avarice, no tool of Pride;--- When no vain science led his mind astray,--- but nature was his law, and God his guide.</marc:subfield>
    </marc:datafield>
    <marc:datafield ind1=" " ind2=" " tag="592">
        <marc:subfield code="a">Third-person</marc:subfield>
    </marc:datafield>
    <marc:datafield ind1=" " ind2=" " tag="599">
        <marc:subfield code="a">Author (text)</marc:subfield>
        <marc:subfield code="b">Proper name</marc:subfield>
        <marc:subfield code="2">By Charlotte Smith</marc:subfield>
        <marc:subfield code="3">Title Page</marc:subfield>
        <marc:subfield code="5">Female</marc:subfield>
        <marc:subfield code="6">Female</marc:subfield>
    </marc:datafield> 
 	<marc:datafield ind1=" " ind2=" " tag="599">
        <marc:subfield code="a">Author (paratext)</marc:subfield>
        <marc:subfield code="b">Proper name</marc:subfield>
        <marc:subfield code="2">Charlotte Smith</marc:subfield>
        <marc:subfield code="3">Preface</marc:subfield>
        <marc:subfield code="5">Female</marc:subfield>
        <marc:subfield code="6">Female</marc:subfield>
    </marc:datafield> 
	<marc:datafield ind1=" " ind2="4" tag="650">
		<marc:subfield code="a">CHR 1798</marc:subfield>
	</marc:datafield>
	<marc:datafield ind1=" " ind2="4" tag="650">
		<marc:subfield code="a">PRO Cunliffe, Foster (autograph; removed in re-binding)</marc:subfield>
	</marc:datafield>
	<marc:datafield ind1=" " ind2=" " tag="700">
        <marc:subfield code="a">Smith, Charlotte</marc:subfield>
        <marc:subfield code="d">1749-1806</marc:subfield>
        <marc:subfield code="4">Author (text)</marc:subfield>
        <marc:subfield code="5">Authorized</marc:subfield>
    </marc:datafield>
    <marc:datafield ind1=" " ind2=" " tag="700">
        <marc:subfield code="a">Cadell, Thomas</marc:subfield>
        <marc:subfield code="d">1773-1836</marc:subfield>
        <marc:subfield code="4">Printed for</marc:subfield>
        <marc:subfield code="5">Authorized</marc:subfield>
    </marc:datafield>
    <marc:datafield ind1=" " ind2=" " tag="710">
        <marc:subfield code="a">Cadell &amp; Davies</marc:subfield>
        <marc:subfield code="4">Printed for</marc:subfield>
        <marc:subfield code="5">Authorized</marc:subfield>
    </marc:datafield>         
	<marc:datafield ind1="2" ind2=" " tag="710">
        <marc:subfield code="a">Early Novels</marc:subfield>
        <marc:subfield code="5">University of Pennsylvania</marc:subfield>
    </marc:datafield>
	<marc:datafield ind1="2" ind2=" " tag="710">
		<marc:subfield code="a">Collection of British and American Fiction, 1660-1830 (University of Pennsylvania)</marc:subfield>
		<marc:subfield code="5">PU</marc:subfield>
	</marc:datafield>
	<marc:datafield ind1=" " ind2=" " tag="950">
		<marc:subfield code="l">RBC</marc:subfield>
		<marc:subfield code="e">\\Singer-\Menden-\hall\</marc:subfield>
		<marc:subfield code="v">v.1-4</marc:subfield>
		<marc:subfield code="i">04/19/88 RL</marc:subfield>
		<marc:subfield code="h">04/02/87 C</marc:subfield>
	</marc:datafield>
	<marc:datafield ind1=" " ind2=" " tag="955">
		<marc:subfield code="l">RBC</marc:subfield>
		<marc:subfield code="c">1:(v.1-4)</marc:subfield>
		<marc:subfield code="q">726650-3</marc:subfield>
		<marc:subfield code="h">04/02/87 C</marc:subfield>
	</marc:datafield>
	<marc:datafield ind1=" " ind2=" " tag="989"> 
        <marc:subfield code="2">Philosopher</marc:subfield>
        <marc:subfield code="3">Young</marc:subfield>
        <marc:subfield code="5">Charlotte Smith</marc:subfield>
    </marc:datafield>
	<marc:datafield ind1=" " ind2=" " tag="999">
		<marc:subfield code="a">IC</marc:subfield>
		<marc:subfield code="b">7/30/18</marc:subfield>
		<marc:subfield code="c">University of Pennsylvania</marc:subfield>
		<marc:subfield code="d">OF</marc:subfield>
	</marc:datafield>
</marc:record>