
	<marc:record>
	<marc:leader>01565cam a2200409   4500</marc:leader>
	<marc:controlfield tag="005">20141119141455.0</marc:controlfield>
	<marc:controlfield tag="008">870403s1798    maua          00001 eng  </marc:controlfield>
	<marc:controlfield tag="001">99544943503681</marc:controlfield>
	<marc:datafield ind1=" " ind2=" " tag="010">
		<marc:subfield code="a">   06000507 </marc:subfield>
	</marc:datafield>
	<marc:datafield ind1=" " ind2=" " tag="035">
		<marc:subfield code="a">(OCoLC)ocm20256683</marc:subfield>
	</marc:datafield>
	<marc:datafield ind1=" " ind2=" " tag="035">
		<marc:subfield code="a">(OCoLC)20256683</marc:subfield>
	</marc:datafield>
	<marc:datafield ind1=" " ind2=" " tag="035">
		<marc:subfield code="a">(CStRLIN)PAUG87-B10294</marc:subfield>
	</marc:datafield>
	<marc:datafield ind1=" " ind2=" " tag="035">
		<marc:subfield code="a">(CaOTULAS)185141685</marc:subfield>
	</marc:datafield>
	<marc:datafield ind1=" " ind2=" " tag="035">
		<marc:subfield code="9">AAG2939</marc:subfield>
	</marc:datafield>
	<marc:datafield ind1=" " ind2=" " tag="035">
		<marc:subfield code="a">54494</marc:subfield>
	</marc:datafield>
	<marc:datafield ind1=" " ind2=" " tag="035">
		<marc:subfield code="a">(PU)54494-penndb-Voyager</marc:subfield>
	</marc:datafield>
	<marc:datafield ind1=" " ind2=" " tag="035">
		<marc:subfield code="a">(PennHoldings)68876</marc:subfield>
	</marc:datafield>
	<marc:datafield ind1=" " ind2=" " tag="040">
		<marc:subfield code="a">MWA</marc:subfield>
		<marc:subfield code="c">MWA</marc:subfield>
		<marc:subfield code="e">bdrb</marc:subfield>
		<marc:subfield code="d">PU</marc:subfield>
	</marc:datafield>
	<marc:datafield ind1=" " ind2=" " tag="043">
		<marc:subfield code="a">n-us---</marc:subfield>
	</marc:datafield>
	<marc:datafield ind1="0" ind2=" " tag="050">
		<marc:subfield code="a">PZ3</marc:subfield>
		<marc:subfield code="b">.A498</marc:subfield>
	</marc:datafield>
	<marc:datafield ind1=" " ind2=" " tag="090">
		<marc:subfield code="a">PS700.A1</marc:subfield>
		<marc:subfield code="b">A6 1798</marc:subfield>
		<marc:subfield code="i">04/03/87 CT</marc:subfield>
	</marc:datafield>
	<marc:datafield ind1="0" ind2="0" tag="245">
		<marc:subfield code="a">Amelia; or, The faithless Briton.</marc:subfield>
		<marc:subfield code="b">An original American novel, founded upon recent facts. To which is added, Amelia, or, Malevolence defeated: and Miss Seward's monody on Major Andre.</marc:subfield>
	</marc:datafield>

	<marc:datafield ind1=" " ind2=" " tag="246">
		<marc:subfield code="a">Amelia; or, The faithless Briton. An original American novel. Founded upon recent facts. To which is added, Amelia, or Malevolence defeated; and, Miss Seward's Monody on Major Andre.</marc:subfield>
		<marc:subfield code="d">Letter-press</marc:subfield>
		<marc:subfield code="g">Full</marc:subfield>
		<marc:subfield code="x">Section</marc:subfield>
	</marc:datafield>

	<marc:datafield ind1=" " ind2=" " tag="246">
		<marc:subfield code="a">Monody on Major Andre. By Miss Seward, fourth American edition.</marc:subfield>
		<marc:subfield code="d">Letter-press</marc:subfield>
		<marc:subfield code="g">Full</marc:subfield>
		<marc:subfield code="x">Section</marc:subfield>
	</marc:datafield>

	<marc:datafield ind1="0" ind2="7" tag="246">
		<marc:subfield code="a">Amelia, or The faithless Briton</marc:subfield>
	</marc:datafield>
	<marc:datafield ind1="0" ind2="7" tag="246">
		<marc:subfield code="a">Amelia, or The faithless Briton (verso)</marc:subfield>
		<marc:subfield code="a">Amelia, or The faithless Briton (recto)</marc:subfield>
	</marc:datafield>

	<marc:datafield ind1=" " ind2=" " tag="260">
		<marc:subfield code="a">Boston</marc:subfield>
		<marc:subfield code="b">Printed for and sold by W. Spotswood, and C. P. Wayne.</marc:subfield>
		<marc:subfield code="c">1798</marc:subfield>
		<marc:subfield code="c">1798.</marc:subfield>
	</marc:datafield>

	<marc:datafield ind1=" " ind2=" " tag="300">
		<marc:subfield code="a">[2], 61, [1], 22 p., [1] leaf of plates :</marc:subfield>
		<marc:subfield code="b">ill. ;</marc:subfield>
		<marc:subfield code="c">18 cm. (12mo)</marc:subfield>
		<marc:subfield code="x">Duodecimo</marc:subfield>
	</marc:datafield>

	<marc:datafield ind1="4" ind2=" " tag="510">
		<marc:subfield code="a">Evans</marc:subfield>
		<marc:subfield code="c">33290</marc:subfield>
	</marc:datafield>
	<marc:datafield ind1="4" ind2=" " tag="510">
		<marc:subfield code="a">Wright, L.H. Amer. fiction, 1774-1850 (2nd ed.),</marc:subfield>
		<marc:subfield code="c">22</marc:subfield>
	</marc:datafield>

	<marc:datafield ind1=" " ind2=" " tag="520">
		<marc:subfield code="a">Copyright statement</marc:subfield>
		<marc:subfield code="c">Front</marc:subfield>
		<marc:subfield code="x">Reads: "Copy right secured, agreeably to law."</marc:subfield>
	</marc:datafield>
	<marc:datafield ind1=" " ind2=" " tag="520">
		<marc:subfield code="a">Footnotes</marc:subfield>
		<marc:subfield code="c">Middle</marc:subfield>
		<marc:subfield code="x">Located on pgs. 3, 4, 5, 6, 8, 10, 11, 13, 14, 15 of Monody on Major Andre.</marc:subfield>
	</marc:datafield>

	<marc:datafield ind1=" " ind2=" " tag="590">
		<marc:subfield code="a">Imperfect: frontispiece wanting.</marc:subfield>
	</marc:datafield>
	<marc:datafield ind1=" " ind2=" " tag="590">
		<marc:subfield code="a">Imperfect: p. 17-22 at end wanting.</marc:subfield>
	</marc:datafield>

	<marc:datafield ind1=" " ind2=" " tag="592">
		<marc:subfield code="a">Third-person</marc:subfield>
		<marc:subfield code="c">Poems</marc:subfield>
	</marc:datafield>

	<marc:datafield ind1=" " ind2=" " tag="594">
		<marc:subfield code="a">[Illegible/Faded]</marc:subfield>
		<marc:subfield code="b">Pencil</marc:subfield>
		<marc:subfield code="x">Located on Amelia title page.</marc:subfield>
	</marc:datafield>
	<marc:datafield ind1=" " ind2=" " tag="594">
		<marc:subfield code="a">[Illegible/Faded]</marc:subfield>
		<marc:subfield code="b">Ink</marc:subfield>
		<marc:subfield code="x">Located on verso across from Monody title page.</marc:subfield>
	</marc:datafield>

	<marc:datafield ind1=" " ind2=" " tag="599">
		<marc:subfield code="a">Author (text)</marc:subfield>
		<marc:subfield code="b">Proper name</marc:subfield>
		<marc:subfield code="2">Miss Seward's Monody on Major Andre</marc:subfield>
		<marc:subfield code="3">Title Page</marc:subfield>
		<marc:subfield code="5">Female</marc:subfield>
		<marc:subfield code="6">Female</marc:subfield>
	</marc:datafield>
	<marc:datafield ind1=" " ind2=" " tag="599">
		<marc:subfield code="a">Author (text)</marc:subfield>
		<marc:subfield code="b">Proper name</marc:subfield>
		<marc:subfield code="2">By Miss Seward.</marc:subfield>
		<marc:subfield code="3">Title Page</marc:subfield>
		<marc:subfield code="5">Female</marc:subfield>
		<marc:subfield code="6">Female</marc:subfield>
	</marc:datafield>

	<marc:datafield ind1="1" ind2="0" tag="600">
		<marc:subfield code="a">Andre, John,</marc:subfield>
		<marc:subfield code="d">1751-1780.</marc:subfield>
	</marc:datafield>
	<marc:datafield ind1=" " ind2="0" tag="651">
		<marc:subfield code="a">United States</marc:subfield>
		<marc:subfield code="x">History</marc:subfield>
		<marc:subfield code="y">Revolution, 1775-1783</marc:subfield>
		<marc:subfield code="v">Poetry</marc:subfield>
	</marc:datafield>
	<marc:datafield ind1=" " ind2="4" tag="650">
		<marc:subfield code="a">CHR 1798</marc:subfield>
	</marc:datafield>

	<marc:datafield ind1="1" ind2="0" tag="700">
		<marc:subfield code="a">Seward, Anna,</marc:subfield>
		<marc:subfield code="d">1742-1809.</marc:subfield>
	</marc:datafield>
	<marc:datafield ind1=" " ind2=" " tag="700">
		<marc:subfield code="a">Seward, Anna</marc:subfield>
		<marc:subfield code="d">1742-1809</marc:subfield>
		<marc:subfield code="4">Author (text)</marc:subfield>
		<marc:subfield code="5">Authorized</marc:subfield>
	</marc:datafield>
	<marc:datafield ind1=" " ind2=" " tag="700">
		<marc:subfield code="a">Spotswood, William</marc:subfield>
		<marc:subfield code="d">1753?-1805</marc:subfield>
		<marc:subfield code="4">Printed for</marc:subfield>
		<marc:subfield code="4">Sold by</marc:subfield>
		<marc:subfield code="5">Authorized</marc:subfield>
	</marc:datafield>
	<marc:datafield ind1=" " ind2=" " tag="700">
		<marc:subfield code="a">Wayne, Caleb Parry</marc:subfield>
		<marc:subfield code="d">1776-1849</marc:subfield>
		<marc:subfield code="4">Printed for</marc:subfield>
		<marc:subfield code="4">Sold by</marc:subfield>
		<marc:subfield code="5">Authorized</marc:subfield>
	</marc:datafield>
	<marc:datafield ind1=" " ind2=" " tag="700">
		<marc:subfield code="a">W. Spotswood and C.P. Wayne (Firm)</marc:subfield>
		<marc:subfield code="4">Printed for</marc:subfield>
		<marc:subfield code="4">Sold by</marc:subfield>
		<marc:subfield code="5">Authorized</marc:subfield>
	</marc:datafield>

	<marc:datafield ind1="0" ind2="2" tag="740">
		<marc:subfield code="a">Faithless Briton.</marc:subfield>
	</marc:datafield>
	<marc:datafield ind1="0" ind2="2" tag="740">
		<marc:subfield code="a">Malevolence defeated.</marc:subfield>
	</marc:datafield>
	<marc:datafield ind1="0" ind2="2" tag="740">
		<marc:subfield code="a">Amelia.</marc:subfield>
	</marc:datafield>
	<marc:datafield ind1="0" ind2="2" tag="740">
		<marc:subfield code="a">Monody on Major Andre.</marc:subfield>
	</marc:datafield>

	<marc:datafield ind1="2" ind2=" " tag="710">
		<marc:subfield code="a">Early Novels</marc:subfield>
		<marc:subfield code="5">University of Pennsylvania</marc:subfield>
	</marc:datafield>
	<marc:datafield ind1="2" ind2=" " tag="710">
		<marc:subfield code="a">Collection of British and American Fiction, 1660-1830 (University of Pennsylvania)</marc:subfield>
		<marc:subfield code="5">PU</marc:subfield>
	</marc:datafield>

	<marc:datafield ind1=" " ind2=" " tag="950">
		<marc:subfield code="l">RBC</marc:subfield>
		<marc:subfield code="e">\\Singer-\Menden-\hall\</marc:subfield>
		<marc:subfield code="i">04/03/87 C</marc:subfield>
	</marc:datafield>
	<marc:datafield ind1=" " ind2=" " tag="955">
		<marc:subfield code="l">RBC</marc:subfield>
		<marc:subfield code="c">1</marc:subfield>
		<marc:subfield code="q">726444</marc:subfield>
		<marc:subfield code="q">g. Singer, Mr. &amp; Mrs. Jacob</marc:subfield>
		<marc:subfield code="i">04/03/87 C</marc:subfield>
	</marc:datafield>

	<marc:datafield ind1=" " ind2=" " tag="989">
		<marc:subfield code="5">Amelia</marc:subfield>
		<marc:subfield code="3">Faithless</marc:subfield>
		<marc:subfield code="2">Baron</marc:subfield>
		<marc:subfield code="3">Original</marc:subfield>
		<marc:subfield code="3">American</marc:subfield>
		<marc:subfield code="2">Novel</marc:subfield>
		<marc:subfield code="6">Found</marc:subfield>
		<marc:subfield code="3">Recent</marc:subfield>
		<marc:subfield code="2">Fact</marc:subfield>
		<marc:subfield code="6">Add</marc:subfield>
		<marc:subfield code="2">Malevolence</marc:subfield>
		<marc:subfield code="6">Defeat</marc:subfield>
		<marc:subfield code="2">Miss</marc:subfield>
		<marc:subfield code="5">Miss Seward</marc:subfield>
		<marc:subfield code="2">Monody</marc:subfield>
		<marc:subfield code="2">Major</marc:subfield>
		<marc:subfield code="5">Andre</marc:subfield>
		<marc:subfield code="3">Fourth</marc:subfield>
		<marc:subfield code="2">Edition</marc:subfield>
	</marc:datafield>
	<marc:datafield ind1=" " ind2=" " tag="999">
		<marc:subfield code="a">SH</marc:subfield>
		<marc:subfield code="b">Swarthmore College</marc:subfield>
		<marc:subfield code="c">7/31/18</marc:subfield>
		<marc:subfield code="d">IC</marc:subfield>
	</marc:datafield>
</marc:record>