
<marc:record>
	<marc:leader>01366cam a2200361 a 4500</marc:leader>
	<marc:controlfield tag="005">20141119141813.0</marc:controlfield>
	<marc:controlfield tag="008">870408s1798    enk           00000 eng d</marc:controlfield>
	<marc:controlfield tag="001">99551923503681</marc:controlfield>
	<marc:datafield ind1=" " ind2=" " tag="035">
		<marc:subfield code="a">(OCoLC)ocm11931159</marc:subfield>
	</marc:datafield>
	<marc:datafield ind1=" " ind2=" " tag="035">
		<marc:subfield code="a">(OCoLC)11931159</marc:subfield>
	</marc:datafield>
	<marc:datafield ind1=" " ind2=" " tag="035">
		<marc:subfield code="a">(CStRLIN)PAUG87-B11173</marc:subfield>
	</marc:datafield>
	<marc:datafield ind1=" " ind2=" " tag="035">
		<marc:subfield code="a">(CaOTULAS)185146091</marc:subfield>
	</marc:datafield>
	<marc:datafield ind1=" " ind2=" " tag="035">
		<marc:subfield code="9">AAG3673</marc:subfield>
	</marc:datafield>
	<marc:datafield ind1=" " ind2=" " tag="035">
		<marc:subfield code="a">55192</marc:subfield>
	</marc:datafield>
	<marc:datafield ind1=" " ind2=" " tag="035">
		<marc:subfield code="a">(PU)55192-penndb-Voyager</marc:subfield>
	</marc:datafield>
	<marc:datafield ind1=" " ind2=" " tag="035">
		<marc:subfield code="a">(PennHoldings)69762</marc:subfield>
	</marc:datafield>
	<marc:datafield ind1=" " ind2=" " tag="040">
		<marc:subfield code="a">PU</marc:subfield>
		<marc:subfield code="c">PU</marc:subfield>
	</marc:datafield>
	<marc:datafield ind1=" " ind2=" " tag="090">
		<marc:subfield code="a">PR4984.M13</marc:subfield>
		<marc:subfield code="b">D4 1798</marc:subfield>
		<marc:subfield code="i">04/09/87 CT</marc:subfield>
	</marc:datafield>
	<marc:datafield ind1="1" ind2="0" tag="100">
		<marc:subfield code="a">Martin,</marc:subfield>
		<marc:subfield code="c">Mrs.</marc:subfield>
	</marc:datafield>
	<marc:datafield ind1="1" ind2="0" tag="245">
		<marc:subfield code="a">Deloraine :</marc:subfield>
		<marc:subfield code="b">a domestic tale, in two volumes.</marc:subfield>
	</marc:datafield>
	<marc:datafield ind1=" " ind2=" " tag="246">
		<marc:subfield code="a">Deloraine. A domestic tale.</marc:subfield>
		<marc:subfield code="d">Letter-press</marc:subfield>
		<marc:subfield code="g">Half</marc:subfield>
		<marc:subfield code="x">Volume</marc:subfield>
		<marc:subfield code="v">v.1</marc:subfield>
	</marc:datafield>
	<marc:datafield ind1=" " ind2=" " tag="246">
		<marc:subfield code="a">Deloraine. A domestic tale. In two volumes. Vol. I.</marc:subfield>
		<marc:subfield code="d">Letter-press</marc:subfield>
		<marc:subfield code="g">Full</marc:subfield>
		<marc:subfield code="x">Volume</marc:subfield>
		<marc:subfield code="v">v.1</marc:subfield>
	</marc:datafield>
	<marc:datafield ind1=" " ind2=" " tag="246">
		<marc:subfield code="a">Deloraine. A domestic tale.</marc:subfield>
		<marc:subfield code="d">Letter-press</marc:subfield>
		<marc:subfield code="g">Half</marc:subfield>
		<marc:subfield code="x">Volume</marc:subfield>
		<marc:subfield code="v">v.2</marc:subfield>
	</marc:datafield>
	<marc:datafield ind1=" " ind2=" " tag="246">
		<marc:subfield code="a">Deloraine. A domestic tale. In two volumes. Vol. 2.</marc:subfield>
		<marc:subfield code="d">Letter-press</marc:subfield>
		<marc:subfield code="g">Full</marc:subfield>
		<marc:subfield code="x">Volume</marc:subfield>
		<marc:subfield code="v">v.2</marc:subfield>
	</marc:datafield>
	<marc:datafield ind1="0" ind2="7" tag="246">
		<marc:subfield code="a">Deloraine.</marc:subfield>
		<marc:subfield code="v">v.1</marc:subfield>
		<marc:subfield code="v">v.2</marc:subfield>
	</marc:datafield>
	<marc:datafield ind1=" " ind2=" " tag="260">
		<marc:subfield code="a">London</marc:subfield>
		<marc:subfield code="b">Printed at the Minerva-Press, for William Lane, Leadenhall-Street.</marc:subfield>
		<marc:subfield code="c">1798</marc:subfield>
		<marc:subfield code="c">1798.</marc:subfield>
	</marc:datafield>
	<marc:datafield ind1=" " ind2=" " tag="300">
		<marc:subfield code="a">2 v. ;</marc:subfield>
		<marc:subfield code="c">19 cm. (12mo)</marc:subfield>
		<marc:subfield code="x">Duodecimo</marc:subfield>
		<marc:subfield code="z">In two volumes.</marc:subfield>
	</marc:datafield>
	<marc:datafield ind1=" " ind2=" " tag="500">
		<marc:subfield code="a">Published anonymously.  Attributed to Mrs. Martin.  Cf. Blakey, D. Minerva Press.</marc:subfield>
	</marc:datafield>
	<marc:datafield ind1=" " ind2=" " tag="500">
		<marc:subfield code="a">Pref. to v. 2 signed: Helen of Herefordshire.</marc:subfield>
	</marc:datafield>
	<marc:datafield ind1="4" ind2=" " tag="510">
		<marc:subfield code="a">Blakey, D. Minerva Press</marc:subfield>
		<marc:subfield code="c">p. 184</marc:subfield>
	</marc:datafield>
	<marc:datafield ind1="4" ind2=" " tag="510">
		<marc:subfield code="a">ESTC (RLIN)</marc:subfield>
		<marc:subfield code="c">N6271</marc:subfield>
	</marc:datafield>
	<marc:datafield ind1="4" ind2=" " tag="510">
		<marc:subfield code="a">English novel, 1770-1829,</marc:subfield>
		<marc:subfield code="c">1798:46.</marc:subfield>
	</marc:datafield>
	<marc:datafield ind1="4" ind2=" " tag="510">
		<marc:subfield code="a">Block, A.  Engl. novel (1961 ed.),</marc:subfield>
		<marc:subfield code="c">p.154.</marc:subfield>
	</marc:datafield>
	<marc:datafield ind1=" " ind2=" " tag="520">
		<marc:subfield code="a">Preface</marc:subfield>
		<marc:subfield code="b">Preface.</marc:subfield>
		<marc:subfield code="c">Front</marc:subfield>
		<marc:subfield code="v">v.2</marc:subfield>
		<marc:subfield code="x">First sentence: "I cannot plead, as an excuse for laying the following tale before the public, the powerful solicitations of my friends; or their unanimous opinion that it wold be highly blameable to conceal so admirable a work in my own bureau." Signed: "Helen of Herefordshire."</marc:subfield>
	</marc:datafield>
	<marc:datafield ind1=" " ind2=" " tag="520">
		<marc:subfield code="a">Table of contents</marc:subfield>
		<marc:subfield code="b">Contents.</marc:subfield>
		<marc:subfield code="c">Front</marc:subfield>
		<marc:subfield code="v">v.2</marc:subfield>
		<marc:subfield code="x">Contents for v.1 and v.2</marc:subfield>
	</marc:datafield>
	<marc:datafield ind1=" " ind2=" " tag="591">
		<marc:subfield code="a">Oh serpent heart, hid with a flowery face, ---Did ever dragon keep so fair a cave? ---Beautiful tyrant, fiend angelical! ---.......... ---Just so opposite to what thou justly seem'st.</marc:subfield>
		<marc:subfield code="2">Shakespeare.</marc:subfield>
		<marc:subfield code="b">Romeo and Juliet</marc:subfield>
		<marc:subfield code="c">William Shakespeare</marc:subfield>
	</marc:datafield>
	<marc:datafield ind1=" " ind2=" " tag="594">
		<marc:subfield code="a">Elizabeth Ann Bradford</marc:subfield>
		<marc:subfield code="b">Ink</marc:subfield>
		<marc:subfield code="x">Located on half title page.</marc:subfield>
		<marc:subfield code="v">v.1</marc:subfield>
	</marc:datafield>
	<marc:datafield ind1=" " ind2=" " tag="594">
		<marc:subfield code="a">Elizabeth Ann Bradford</marc:subfield>
		<marc:subfield code="b">Ink</marc:subfield>
		<marc:subfield code="x">Located on half title page.</marc:subfield>
		<marc:subfield code="v">v.2</marc:subfield>
	</marc:datafield>
	<marc:datafield ind1=" " ind2=" " tag="595">
		<marc:subfield code="a">Pencil</marc:subfield>
		<marc:subfield code="b">Drawings</marc:subfield>
		<marc:subfield code="v">v.2</marc:subfield>
		<marc:subfield code="x">Pencil scribbles on last page of text.</marc:subfield>
	</marc:datafield>
	<marc:datafield ind1=" " ind2="4" tag="650">
		<marc:subfield code="a">CHR 1798</marc:subfield>
	</marc:datafield>
	<marc:datafield ind1=" " ind2="4" tag="650">
		<marc:subfield code="a">PRO Bradford, Elizabeth Ann (autograph)</marc:subfield>
	</marc:datafield>
	<marc:datafield ind1=" " ind2="4" tag="650">
		<marc:subfield code="a">PRO Mendenhall, John C. (donor)</marc:subfield>
	</marc:datafield>
	<marc:datafield ind1="0" ind2="0" tag="700">
		<marc:subfield code="a">Helen,</marc:subfield>
	</marc:datafield>
	<marc:datafield ind1=" " ind2=" " tag="700">
		<marc:subfield code="a">Martin, Mrs.</marc:subfield>
		<marc:subfield code="4">Author (text)</marc:subfield>
		<marc:subfield code="5">Authorized</marc:subfield>
	</marc:datafield>
	<marc:datafield ind1=" " ind2=" " tag="700">
		<marc:subfield code="a">Lane, William</marc:subfield>
		<marc:subfield code="d">1745-1814</marc:subfield>
		<marc:subfield code="4">Printed for</marc:subfield>
		<marc:subfield code="5">Authorized</marc:subfield>
	</marc:datafield>
	<marc:datafield ind1=" " ind2=" " tag="700">
		<marc:subfield code="a">Shakespeare, William</marc:subfield>
		<marc:subfield code="d">1564-1616</marc:subfield>
		<marc:subfield code="4">Author (epigraph)</marc:subfield>
		<marc:subfield code="5">Authorized</marc:subfield>
	</marc:datafield>
	<marc:datafield ind1=" " ind2=" " tag="700">
		<marc:subfield code="a">Elizabeth Ann Bradford</marc:subfield>
		<marc:subfield code="4">Inscribed by</marc:subfield>
		<marc:subfield code="5">Unauthorized</marc:subfield>
	</marc:datafield>
	<marc:datafield ind1=" " ind2=" " tag="710">
		<marc:subfield code="a">Minerva Press</marc:subfield>
		<marc:subfield code="4">Printed for</marc:subfield>
		<marc:subfield code="5">Authorized</marc:subfield>
	</marc:datafield>
	<marc:datafield ind1="2" ind2=" " tag="710">
		<marc:subfield code="a">Collection of British and American Fiction, 1660-1830 (University of Pennsylvania)</marc:subfield>
		<marc:subfield code="5">PU</marc:subfield>
	</marc:datafield>
	<marc:datafield ind1="2" ind2=" " tag="710">
		<marc:subfield code="a">Early Novels</marc:subfield>
		<marc:subfield code="5">University of Pennsylvania</marc:subfield>
	</marc:datafield>
	<marc:datafield ind1=" " ind2=" " tag="950">
		<marc:subfield code="l">RBC</marc:subfield>
		<marc:subfield code="e">\\Singer-\Menden-\hall\</marc:subfield>
		<marc:subfield code="v">2 v.</marc:subfield>
		<marc:subfield code="i">04/09/87 C</marc:subfield>
	</marc:datafield>
	<marc:datafield ind1=" " ind2=" " tag="955">
		<marc:subfield code="l">RBC</marc:subfield>
		<marc:subfield code="c">1:(v.1-2)</marc:subfield>
		<marc:subfield code="q">50-814</marc:subfield>
		<marc:subfield code="s">g. John C. Mendenhall</marc:subfield>
		<marc:subfield code="i">04/09/87 C</marc:subfield>
	</marc:datafield>
	<marc:datafield ind1=" " ind2=" " tag="989">
		<marc:subfield code="5">Deloraine</marc:subfield>
		<marc:subfield code="3">Domestic</marc:subfield>
		<marc:subfield code="2">Tale</marc:subfield>
		<marc:subfield code="3">Two</marc:subfield>
		<marc:subfield code="2">Volume</marc:subfield>
	</marc:datafield>
	<marc:datafield ind1=" " ind2=" " tag="999">
		<marc:subfield code="a">SH</marc:subfield>
		<marc:subfield code="b">8/3/18</marc:subfield>
		<marc:subfield code="c">Swarthmore College</marc:subfield>
		<marc:subfield code="d">AS</marc:subfield>
	</marc:datafield> 
</marc:record>