<marc:record>
	<marc:leader>01279cam a2200325   4500</marc:leader>
	<marc:controlfield tag="005">20141201130343.0</marc:controlfield>
	<marc:controlfield tag="008">871116s1797    stk           00011 eng d</marc:controlfield>
	<marc:controlfield tag="001">995537443503681</marc:controlfield>
	<marc:datafield ind1=" " ind2=" " tag="035">
		<marc:subfield code="a">(OCoLC)ocm06879937</marc:subfield>
	</marc:datafield>
	<marc:datafield ind1=" " ind2=" " tag="035">
		<marc:subfield code="a">(OCoLC)6879937</marc:subfield>
	</marc:datafield>
	<marc:datafield ind1=" " ind2=" " tag="035">
		<marc:subfield code="a">(CStRLIN)PAUG87-B46388</marc:subfield>
	</marc:datafield>
	<marc:datafield ind1=" " ind2=" " tag="035">
		<marc:subfield code="a">(CaOTULAS)185067190</marc:subfield>
	</marc:datafield>
	<marc:datafield ind1=" " ind2=" " tag="035">
		<marc:subfield code="9">ACT4579</marc:subfield>
	</marc:datafield>
	<marc:datafield ind1=" " ind2=" " tag="035">
		<marc:subfield code="a">553744</marc:subfield>
	</marc:datafield>
	<marc:datafield ind1=" " ind2=" " tag="035">
		<marc:subfield code="a">(PU)553744-penndb-Voyager</marc:subfield>
	</marc:datafield>
	<marc:datafield ind1=" " ind2=" " tag="035">
		<marc:subfield code="a">(PennHoldings)647600</marc:subfield>
	</marc:datafield>
	<marc:datafield ind1=" " ind2=" " tag="040">
		<marc:subfield code="a">PU</marc:subfield>
		<marc:subfield code="c">PU</marc:subfield>
	</marc:datafield>
	<marc:datafield ind1=" " ind2=" " tag="090">
		<marc:subfield code="a">PR4883.L25</marc:subfield>
		<marc:subfield code="b">M8 1797</marc:subfield>
		<marc:subfield code="i">11/16/87 CT</marc:subfield>
	</marc:datafield>
	<marc:datafield ind1="1" ind2="0" tag="100">
		<marc:subfield code="a">Leigh, Samuel Egerton,</marc:subfield>
		<marc:subfield code="c">Sir,</marc:subfield>
		<marc:subfield code="d">fl. 1797.</marc:subfield>
	</marc:datafield>
	<marc:datafield ind1="1" ind2="0" tag="245">
		<marc:subfield code="a">Munster Abbey,</marc:subfield>
		<marc:subfield code="b">a romance interspersed with reflections on virtue and morality! /</marc:subfield>
		<marc:subfield code="c">written by Sir Samuel Egerton Leigh. In three volumes.</marc:subfield>
	</marc:datafield>
	<marc:datafield ind1=" " ind2=" " tag="246">
	    <marc:subfield code="a">Munster Abbey, a romance: interspersed with reflections on virtue and morality: written by Sir Samuel Egerton Leigh. In three volumes. Vol. I.</marc:subfield>
		<marc:subfield code="d">Letter-press</marc:subfield>
		<marc:subfield code="g">Full</marc:subfield>
		<marc:subfield code="v">v.1</marc:subfield>
		<marc:subfield code="x">Volume</marc:subfield>
	</marc:datafield>
	<marc:datafield ind1=" " ind2=" " tag="246">
	    <marc:subfield code="a">Munster Abbey, a romance: interspersed with reflections on virtue and morality: written by Sir Samuel Egerton Leigh. In three volumes. Vol. II.</marc:subfield>
		<marc:subfield code="d">Letter-press</marc:subfield>
		<marc:subfield code="g">Full</marc:subfield>
		<marc:subfield code="v">v.2</marc:subfield>
		<marc:subfield code="x">Volume</marc:subfield>
	</marc:datafield>
	<marc:datafield ind1=" " ind2=" " tag="246">
	    <marc:subfield code="a">Munster Abbey, a romance: interspersed with reflections on virtue and morality: written by Sir Samuel Egerton Leigh. In three volumes. Vol. III.</marc:subfield>
		<marc:subfield code="d">Letter-press</marc:subfield>
		<marc:subfield code="g">Full</marc:subfield>
		<marc:subfield code="v">v.3</marc:subfield>
		<marc:subfield code="x">Volume</marc:subfield>
	</marc:datafield>
	<marc:datafield ind1="0" ind2="7" tag="246">
	    <marc:subfield code="a">Munster Abbey.</marc:subfield>
		<marc:subfield code="v">v.1</marc:subfield>
		<marc:subfield code="v">v.2</marc:subfield>
		<marc:subfield code="v">v.3</marc:subfield>
	</marc:datafield>
	<marc:datafield ind1="0" ind2="7" tag="246">
	    <marc:subfield code="a">Munster Abbey. (verso)</marc:subfield>
		<marc:subfield code="a">Munster Abbey. (recto)</marc:subfield>
		<marc:subfield code="v">v.1</marc:subfield>
		<marc:subfield code="v">v.2</marc:subfield>
		<marc:subfield code="v">v.3</marc:subfield>
	</marc:datafield>
	<marc:datafield ind1=" " ind2=" " tag="260">
		<marc:subfield code="a">Edinburgh</marc:subfield>
		<marc:subfield code="b">Printed by John Moir, Patterson's Court: for W. Creech, Cross, and S. Cheyne, George Street: for Hookham &amp; Carpentar, New Bond Street, Vernor &amp; Hood, Birchin Lane, London.</marc:subfield>
		<marc:subfield code="c">1797</marc:subfield>
		<marc:subfield code="c">1797.</marc:subfield>
	</marc:datafield>
	<marc:datafield ind1=" " ind2=" " tag="300">
		<marc:subfield code="a">3 v. ;</marc:subfield>
		<marc:subfield code="c">19 cm. (12mo)</marc:subfield>
		<marc:subfield code="x">Duodecimo</marc:subfield>
		<marc:subfield code="z">In three volumes.</marc:subfield>
	</marc:datafield>
	<marc:datafield ind1=" " ind2=" " tag="500">
		<marc:subfield code="a">"Subscribers": v. 1, p. [xiii]-xlvi.</marc:subfield>
	</marc:datafield>
	<marc:datafield ind1="4" ind2=" " tag="510">
		<marc:subfield code="a">Summers, M. Gothic Bib.,</marc:subfield>
		<marc:subfield code="c">p. 430.</marc:subfield>
	</marc:datafield>
	<marc:datafield ind1="4" ind2=" " tag="510">
		<marc:subfield code="a">ESTC (RLIN)</marc:subfield>
		<marc:subfield code="c">T70074</marc:subfield>
	</marc:datafield>
	<marc:datafield ind1="4" ind2=" " tag="510">
		<marc:subfield code="a">English novel, 1770-1829,</marc:subfield>
		<marc:subfield code="c">1797:53</marc:subfield>
	</marc:datafield>
	<marc:datafield ind1="4" ind2=" " tag="510">
		<marc:subfield code="a">Block, A.  Engl. novel (1961 ed.),</marc:subfield>
		<marc:subfield code="c">p.136</marc:subfield>
	</marc:datafield>
	<marc:datafield ind1=" " ind2=" " tag="520">
	    <marc:subfield code="a">Advertisement</marc:subfield>
		<marc:subfield code="b">Advertisement.</marc:subfield>
		<marc:subfield code="c">Front</marc:subfield>
		<marc:subfield code="v">v.1</marc:subfield>
		<marc:subfield code="x">First line: "Lady Leigh feels a sensible pleasure in presenting her grateful acknowledgements to the public, for the patronage of Munster Abbey, at the same time that she delivers them, with trepidating hand, the work so long proposed."</marc:subfield>
	</marc:datafield>
	<marc:datafield ind1=" " ind2=" " tag="520">
	    <marc:subfield code="a">Dedication</marc:subfield>
		<marc:subfield code="b">To her grace the Dutchess of Marlborough.</marc:subfield>
		<marc:subfield code="c">Front</marc:subfield>
		<marc:subfield code="v">v.1</marc:subfield>
		<marc:subfield code="x">First line: "Madam, the principles on which this humble composition is founded, urged me to seek your Grace's patronage:--for who are so justly calculated to head the cause of virtue, as they who exhibit, in their own life, the most illustrious pattern of it?"; Signed: "With the most profound respect, Madam, Your Grace's most obedient, and very humble servant, Samuel Egerton Leigh."</marc:subfield>
	</marc:datafield>
	<marc:datafield ind1=" " ind2=" " tag="520">
	    <marc:subfield code="a">Preface</marc:subfield>
		<marc:subfield code="b">Preface.</marc:subfield>
		<marc:subfield code="c">Front</marc:subfield>
		<marc:subfield code="v">v.1</marc:subfield>
		<marc:subfield code="x">First line: "I have offered this book under the title of a romance, and such I have made it, by forming a story entirely from imagination, which constitutes it a work of that nature:-- my contract is consequently fulfilled."</marc:subfield>
	</marc:datafield>
	<marc:datafield ind1=" " ind2=" " tag="591">
	    <marc:subfield code="a">Virtue, our present peace, our future prize.---Man's unprecarious, natural estate,---Improveable at will, in virtue!---Its tenure sure; its income is divine.</marc:subfield>
		<marc:subfield code="2">Young.</marc:subfield>
		<marc:subfield code="b">Night the Sixth</marc:subfield>
		<marc:subfield code="c">Edward Young</marc:subfield>
		<marc:subfield code="v">v.1</marc:subfield>
		<marc:subfield code="v">v.2</marc:subfield>
		<marc:subfield code="v">v.3</marc:subfield>
	</marc:datafield>
	<marc:datafield ind1=" " ind2=" " tag="592">
	    <marc:subfield code="a">Third-person</marc:subfield>
	</marc:datafield>
	<marc:datafield ind1=" " ind2=" " tag="593">
		<marc:subfield code="a">Her Grace the Dutchess of Malborough; His Royal Highness Monsieur, Holyroodhouse 2 copies; His Grace the Duke of Argyle; The most Noble the MArquis of Abercorn, 2 copies; The Right Hon. Dowager Countess of Aylesford; The Right Hon. the Earl of Aberdeen, 2 copies; The Right Hon. Lady Eliza Anstruther, Edin.; Lord Ankerville, St Andrew's square, ditto; The Rigt Hon. enry Addington, M. P. 2 cop.; Sir Robert Ainslie, Bart. 2 copies; Sir Willoughby Aston, Bart.; Sir Jon St Aubyn, Bart. 2 copies; Sit Gilbert Afflect, Bart.; Sir Philip Ainslie, Bart. Edinburg, 2 copies; Lady Austin, Grosvenor-Place; Admiral Affleck, Wimpole-street, 2 copies; General Arnold, Queen-Ann-street; Colonel Ayton, Edinburg, 2 copies; Colonal Abercromby, Edinburgh; Rev. Mr Andrews, Great Russel-street,; William Adgar, New Norfolk-street; Mrs Anderson, Great Mary-le-bone; Mrs Aiken, Gower-street; Mrs Adeane, Hearly-street; Mrs Adair, Lincoln's-Inn-fields; Mrs Allanson, Grosvenor-square, 2 copies; Mrs Anderson, Great Mary le Bone-Street; Tohmas Anson, Esq. M. P. St James's-square; Matthew Robert Arnot, Esq; South Dudley-street.</marc:subfield>
		<marc:subfield code="x">Only first page of names recorded.</marc:subfield>
	</marc:datafield>
    <marc:datafield ind1=" " ind2=" " tag="599">
	    <marc:subfield code="a">Author (paratext)</marc:subfield>
		<marc:subfield code="b">Proper name</marc:subfield>
		<marc:subfield code="2">Lady Leigh feels a sensible pleasure in presenting her grateful acknowledgements to the public, for the patronage of Munster Abbey, at the same time that she delivers them, with trepidating hand, the work so long proposed.</marc:subfield>
		<marc:subfield code="3">Advertisement</marc:subfield>
		<marc:subfield code="5">Female</marc:subfield>
		<marc:subfield code="6">Female</marc:subfield>
	</marc:datafield>
    <marc:datafield ind1=" " ind2=" " tag="599">
	    <marc:subfield code="a">Author (paratext)</marc:subfield>
		<marc:subfield code="b">Proper name</marc:subfield>
		<marc:subfield code="2">Your grace's most obedient, and very humble servant, Samuel Egerton Leigh</marc:subfield>
		<marc:subfield code="3">Dedication</marc:subfield>
		<marc:subfield code="5">Male</marc:subfield>
		<marc:subfield code="6">Male</marc:subfield>
	</marc:datafield>
    <marc:datafield ind1=" " ind2=" " tag="599">
	    <marc:subfield code="a">Author (text)</marc:subfield>
		<marc:subfield code="b">Proper name</marc:subfield>
		<marc:subfield code="2">Written by Sir Samuel Egerton Leigh</marc:subfield>
		<marc:subfield code="3">Title page</marc:subfield>
		<marc:subfield code="5">Male</marc:subfield>
		<marc:subfield code="6">Male</marc:subfield>
	</marc:datafield>
	<marc:datafield ind1=" " ind2="7" tag="655">
		<marc:subfield code="a">Subscribers' lists</marc:subfield>
		<marc:subfield code="z">Scotland</marc:subfield>
		<marc:subfield code="y">18th century.</marc:subfield>
		<marc:subfield code="2">rbgenr</marc:subfield>
	</marc:datafield>
	<marc:datafield ind1=" " ind2="4" tag="650">
		<marc:subfield code="a">CHR 1797</marc:subfield>
	</marc:datafield>
	<marc:datafield ind1=" " ind2=" " tag="700">
	    <marc:subfield code="a">Leigh, Samuel Egerton</marc:subfield>
		<marc:subfield code="4">Author (text)</marc:subfield>
		<marc:subfield code="5">Authorized</marc:subfield>
	</marc:datafield>
	<marc:datafield ind1=" " ind2=" " tag="700">
	    <marc:subfield code="a">Moir, John</marc:subfield>
		<marc:subfield code="d">active 1790-1846</marc:subfield>
		<marc:subfield code="4">Printed by</marc:subfield>
		<marc:subfield code="5">Authorized</marc:subfield>
	</marc:datafield>
	<marc:datafield ind1=" " ind2=" " tag="700">
	    <marc:subfield code="a">Creech, William</marc:subfield>
		<marc:subfield code="d">1745-1815</marc:subfield>
		<marc:subfield code="4">Printed for</marc:subfield>
		<marc:subfield code="5">Authorized</marc:subfield>
	</marc:datafield>
	<marc:datafield ind1=" " ind2=" " tag="700">
	    <marc:subfield code="a">Cross</marc:subfield>
		<marc:subfield code="4">Printed for</marc:subfield>
		<marc:subfield code="5">Unauthorized</marc:subfield>
	</marc:datafield>
	<marc:datafield ind1=" " ind2=" " tag="700">
	    <marc:subfield code="a">Cheyne, Stewart</marc:subfield>
		<marc:subfield code="d">-1822</marc:subfield>
		<marc:subfield code="4">Printed for</marc:subfield>
		<marc:subfield code="5">Authorized</marc:subfield>
	</marc:datafield>
	<marc:datafield ind1=" " ind2=" " tag="700">
		<marc:subfield code="a">Hookham, Thomas</marc:subfield>
		<marc:subfield code="d">-1819</marc:subfield>
		<marc:subfield code="4">Printed for</marc:subfield>
		<marc:subfield code="5">Authorized</marc:subfield>
	</marc:datafield>
	<marc:datafield ind1=" " ind2=" " tag="700">
		<marc:subfield code="a">Vernor, Thomas</marc:subfield>
		<marc:subfield code="d">17..-1792</marc:subfield>
		<marc:subfield code="4">Printed for</marc:subfield>
		<marc:subfield code="5">Authorized</marc:subfield>
	</marc:datafield>
	<marc:datafield ind1=" " ind2=" " tag="700">
		<marc:subfield code="a">Hood, Tomas</marc:subfield>
		<marc:subfield code="d">-1811</marc:subfield>
		<marc:subfield code="4">Printed for</marc:subfield>
		<marc:subfield code="5">Authorized</marc:subfield>
	</marc:datafield>
	<marc:datafield ind1=" " ind2=" " tag="710">
	    <marc:subfield code="a">Hookam and Carpenter</marc:subfield>
		<marc:subfield code="4">Printed for</marc:subfield>
		<marc:subfield code="5">Authorized</marc:subfield>
	</marc:datafield>
	<marc:datafield ind1=" " ind2=" " tag="710">
	    <marc:subfield code="a">Vernor and Hood</marc:subfield>
		<marc:subfield code="4">Printed for</marc:subfield>
		<marc:subfield code="5">Authorized</marc:subfield>
	</marc:datafield>
	<marc:datafield ind1="2" ind2=" " tag="710">
		<marc:subfield code="a">Collection of British and American Fiction, 1660-1830 (University of Pennsylvania)</marc:subfield>
		<marc:subfield code="5">PU</marc:subfield>
	</marc:datafield>
	<marc:datafield ind1="2" ind2=" " tag="710">
		<marc:subfield code="a">Early Novels</marc:subfield>
		<marc:subfield code="5">University of Pennsylvania</marc:subfield>
	</marc:datafield>
	<marc:datafield ind1=" " ind2=" " tag="950">
		<marc:subfield code="l">RBC</marc:subfield>
		<marc:subfield code="e">\\Singer-\Menden-\hall\</marc:subfield>
		<marc:subfield code="v">v.1-3</marc:subfield>
		<marc:subfield code="i">11/16/87 C</marc:subfield>
	</marc:datafield>
	<marc:datafield ind1=" " ind2=" " tag="955">
		<marc:subfield code="l">RBC</marc:subfield>
		<marc:subfield code="c">1:(v.1-3)</marc:subfield>
		<marc:subfield code="q">55-1692</marc:subfield>
		<marc:subfield code="i">11/16/87 C</marc:subfield>
	</marc:datafield>
	<marc:datafield ind1=" " ind2=" " tag="989">
		<marc:subfield code="2">Romance</marc:subfield>
		<marc:subfield code="2">Reflection</marc:subfield>
		<marc:subfield code="2">Virtue</marc:subfield>
		<marc:subfield code="2">Morality</marc:subfield>
		<marc:subfield code="2">Volume</marc:subfield>
		<marc:subfield code="3">Three</marc:subfield>
		<marc:subfield code="4">Munster Abbey</marc:subfield>
		<marc:subfield code="5">Sir Samuel Egerton Leigh</marc:subfield>
		<marc:subfield code="6">Intersperse</marc:subfield>
	</marc:datafield>
	<marc:datafield ind1=" " ind2=" " tag="999">
	    <marc:subfield code="a">OF</marc:subfield>
		<marc:subfield code="b">7/25/18</marc:subfield>
		<marc:subfield code="c">Carnegie Mellon University</marc:subfield>
		<marc:subfield code="d">SH</marc:subfield>
	</marc:datafield>
</marc:record>