<marc:record>
	<marc:leader>01308cam a2200325 a 4500</marc:leader>
	<marc:controlfield tag="005">20141201130601.0</marc:controlfield>
	<marc:controlfield tag="008">871120s1797    stk           00001 eng d</marc:controlfield>
	<marc:controlfield tag="001">995543273503681</marc:controlfield>
	<marc:datafield ind1=" " ind2=" " tag="035">
		<marc:subfield code="a">(OCoLC)ocm19941365</marc:subfield>
	</marc:datafield>
	<marc:datafield ind1=" " ind2=" " tag="035">
		<marc:subfield code="a">(OCoLC)19941365</marc:subfield>
	</marc:datafield>
	<marc:datafield ind1=" " ind2=" " tag="035">
		<marc:subfield code="a">(CStRLIN)PAUG87-B47369</marc:subfield>
	</marc:datafield>
	<marc:datafield ind1=" " ind2=" " tag="035">
		<marc:subfield code="a">(CaOTULAS)185049824</marc:subfield>
	</marc:datafield>
	<marc:datafield ind1=" " ind2=" " tag="035">
		<marc:subfield code="9">ACT5163</marc:subfield>
	</marc:datafield>
	<marc:datafield ind1=" " ind2=" " tag="035">
		<marc:subfield code="a">554327</marc:subfield>
	</marc:datafield>
	<marc:datafield ind1=" " ind2=" " tag="035">
		<marc:subfield code="a">(PU)554327-penndb-Voyager</marc:subfield>
	</marc:datafield>
	<marc:datafield ind1=" " ind2=" " tag="035">
		<marc:subfield code="a">(PennHoldings)648247</marc:subfield>
	</marc:datafield>
	<marc:datafield ind1=" " ind2=" " tag="090">
		<marc:subfield code="a">PR3671.S33</marc:subfield>
		<marc:subfield code="b">H6 1797</marc:subfield>
		<marc:subfield code="i">11/20/87 CT</marc:subfield>
	</marc:datafield>
	<marc:datafield ind1="1" ind2="0" tag="100">
		<marc:subfield code="a">Scott, Sarah,</marc:subfield>
		<marc:subfield code="d">1723-1795.</marc:subfield>
	</marc:datafield>
	<marc:datafield ind1="1" ind2="0" tag="240">
		<marc:subfield code="a">History of Sir George Ellison.</marc:subfield>
	</marc:datafield>
	<marc:datafield ind1="1" ind2="4" tag="245">
		<marc:subfield code="a">The man of real sensibility: or, The history of Sir George Ellison. :</marc:subfield>
		<marc:subfield code="b">Founded on fact.</marc:subfield>
	</marc:datafield>
	<marc:datafield ind1="3" ind2="0" tag="246">
		<marc:subfield code="a">History of Sir George Ellison</marc:subfield>
	</marc:datafield>
	<marc:datafield ind1=" " ind2=" " tag="246" >
        <marc:subfield code="a">The man of real sensiblity: or The history of Sir George Ellison. Founded on fact.</marc:subfield>
        <marc:subfield code="d">Letter-press</marc:subfield>
        <marc:subfield code="g">Full</marc:subfield>
        <marc:subfield code="x">Work</marc:subfield>
    </marc:datafield>
    <marc:datafield ind1="0" ind2="7" tag="246" >
        <marc:subfield code="a">The man of real sensibility</marc:subfield>
    </marc:datafield>
    <marc:datafield ind1="0" ind2="7" tag="246" >
        <marc:subfield code="a">The man of (verso)</marc:subfield>
        <marc:subfield code="a">real sensibility. (recto)</marc:subfield>
    </marc:datafield>
	<marc:datafield ind1=" " ind2=" " tag="260">
		<marc:subfield code="a">Edinburgh</marc:subfield>
		<marc:subfield code="b">Printed by A. Shirrefs; and sold at his shop, above the Royal Exchange.</marc:subfield>
		<marc:subfield code="c">1797</marc:subfield>
		<marc:subfield code="c">M,DCC,XCVII.</marc:subfield>
	</marc:datafield>
	<marc:datafield ind1=" " ind2=" " tag="261">
        <marc:subfield code="b">Printed by A. Shirrefs; And Sold at his Shop, Above the Royal Exchange.</marc:subfield>
        <marc:subfield code="f">A. Shirrefs</marc:subfield>
    </marc:datafield>
	<marc:datafield ind1=" " ind2=" " tag="300">
		<marc:subfield code="a">126 p. ;</marc:subfield>
		<marc:subfield code="c">17 cm. (12mo)</marc:subfield>
		<marc:subfield code="x">Duodecimo</marc:subfield>
	</marc:datafield>
	<marc:datafield ind1=" " ind2=" " tag="500">
		<marc:subfield code="a">Attributed to Scott in the Dictionary of national biography.</marc:subfield>
	</marc:datafield>
	<marc:datafield ind1=" " ind2=" " tag="500">
		<marc:subfield code="a">An abridged ed. of: The history of Sir George Ellison.</marc:subfield>
	</marc:datafield>
	<marc:datafield ind1=" " ind2=" " tag="500">
		<marc:subfield code="a">Preface and first page torn and handstitched back together.</marc:subfield>
	</marc:datafield>
	<marc:datafield ind1=" " ind2=" " tag="500">
		<marc:subfield code="a">Bookplate for Hannah Ann Middleton (I believe) ripped off on front paste-down endpaper.</marc:subfield>
	</marc:datafield>
	<marc:datafield ind1="4" ind2=" " tag="510">
		<marc:subfield code="a">ESTC (RLIN)</marc:subfield>
		<marc:subfield code="c">N4430</marc:subfield>
	</marc:datafield>
	<marc:datafield ind1=" " ind2=" " tag="520" >
        <marc:subfield code="a">Preface</marc:subfield>
        <marc:subfield code="b">Preface.</marc:subfield>
        <marc:subfield code="c">Front</marc:subfield>
        <marc:subfield code="x">Transcription of first sentence: "The lives of good or eminent persons, have always been thought a very useful study, as they set before us examples which may incite us to virtue, and trace out to us a path, wherein emulation may induce us to walk."</marc:subfield>     
   	</marc:datafield>
	<marc:datafield ind1=" " ind2=" " tag="591">
        <marc:subfield code="a">Dear Sensibility!- source inexhaustible of all that's precious in our joys, or costly in our sorrows.--'Tis here I feel thee--'tis thy divinity that stirs within me.--For that I feel some generous joy- some generous care beyond myself.--All comes from thee.</marc:subfield>
        <marc:subfield code="2">Sterne.</marc:subfield>
        <marc:subfield code="b">A Sentimental Journey</marc:subfield>            
        <marc:subfield code="c">Laurence Sterne</marc:subfield>            
    </marc:datafield>
    <marc:datafield ind1=" " ind2=" " tag="592">
        <marc:subfield code="a">Third-person</marc:subfield>
    </marc:datafield>
	<marc:datafield ind1=" " ind2=" " tag="594">
        <marc:subfield code="a">9471-19 Catharine Hills Book 1802 - A preasent from her Uncle Henry Miller</marc:subfield>
        <marc:subfield code="b">Ink</marc:subfield>
        <marc:subfield code="x">On front free endpaper</marc:subfield>
    </marc:datafield>
    <marc:datafield ind1=" " ind2=" " tag="594">
        <marc:subfield code="a">Hannah Ann Middleton</marc:subfield>
        <marc:subfield code="b">Ink</marc:subfield>
        <marc:subfield code="x">On front free endpaper</marc:subfield>
    </marc:datafield>
	<marc:datafield ind1=" " ind2=" " tag="594">
        <marc:subfield code="a">Hannah Ann Middleton</marc:subfield>
        <marc:subfield code="b">Ink</marc:subfield>
        <marc:subfield code="x">On second front free endpaper</marc:subfield>
    </marc:datafield>
	<marc:datafield ind1=" " ind2=" " tag="595">
		<marc:subfield code="a">Pencil</marc:subfield>
		<marc:subfield code="b">Numbers</marc:subfield>
		<marc:subfield code="x">Located on back free endpaper. Addition. (2000 + 500 + 4600 = 7100)</marc:subfield>
	</marc:datafield>
	<marc:datafield ind1=" " ind2="4" tag="650">
		<marc:subfield code="a">CHR 1797</marc:subfield>
	</marc:datafield>
	<marc:datafield ind1=" " ind2="4" tag="650">
		<marc:subfield code="a">PRO Hills, Catharine (autograph)</marc:subfield>
	</marc:datafield>
	<marc:datafield ind1=" " ind2="4" tag="650">
		<marc:subfield code="a">PRO Middleton, Hannah Ann (autograph)</marc:subfield>
	</marc:datafield>
	<marc:datafield ind1=" " ind2=" " tag="700">
		<marc:subfield code="a">Scott, Sarah</marc:subfield>
		<marc:subfield code="d">1723-1795</marc:subfield>
		<marc:subfield code="4">Author (text)</marc:subfield>
		<marc:subfield code="5">Authorized</marc:subfield>
	</marc:datafield>
	<marc:datafield ind1=" " ind2=" " tag="700">
        <marc:subfield code="a">Shireffs, Andrew</marc:subfield>
		<marc:subfield code="d">1762-1807?</marc:subfield>
        <marc:subfield code="4">Printed by</marc:subfield>
        <marc:subfield code="5">Authorized</marc:subfield>
    </marc:datafield>
	<marc:datafield ind1=" " ind2=" " tag="700">
		<marc:subfield code="a">Catharine Hills</marc:subfield>
		<marc:subfield code="4">Inscribed by</marc:subfield>
		<marc:subfield code="5">Unauthorized</marc:subfield>
	</marc:datafield>
	<marc:datafield ind1=" " ind2=" " tag="700">
		<marc:subfield code="a">Henry Miller</marc:subfield>
		<marc:subfield code="4">Inscribed by</marc:subfield>
		<marc:subfield code="5">Unauthorized</marc:subfield>
	</marc:datafield>
	<marc:datafield ind1=" " ind2=" " tag="700">
		<marc:subfield code="a">Hannah Ann Middleton</marc:subfield>
		<marc:subfield code="4">Inscribed by</marc:subfield>
		<marc:subfield code="4">Author (bookplate)</marc:subfield>
		<marc:subfield code="5">Unauthorized</marc:subfield>
	</marc:datafield>
	<marc:datafield ind1="2" ind2=" " tag="710">
        <marc:subfield code="a">Early Novels</marc:subfield>
        <marc:subfield code="5">University of Pennsylvania</marc:subfield>
    </marc:datafield>
	<marc:datafield ind1="2" ind2=" " tag="710">
		<marc:subfield code="a">Collection of British and American Fiction, 1660-1830 (University of Pennsylvania)</marc:subfield>
		<marc:subfield code="5">PU</marc:subfield>
	</marc:datafield>
	<marc:datafield ind1=" " ind2=" " tag="950">
		<marc:subfield code="l">RBC</marc:subfield>
		<marc:subfield code="e">\\Singer-\Menden-\hall\</marc:subfield>
		<marc:subfield code="i">11/20/87 C</marc:subfield>
	</marc:datafield>
	<marc:datafield ind1=" " ind2=" " tag="955">
		<marc:subfield code="l">RBC</marc:subfield>
		<marc:subfield code="c">1</marc:subfield>
		<marc:subfield code="q">57-188</marc:subfield>
		<marc:subfield code="s">Ex libris Hills, Catharine (autograph)</marc:subfield>
		<marc:subfield code="s">Ex libris Middleton, Hannah Ann (autograph)</marc:subfield>
		<marc:subfield code="i">11/20/87 C</marc:subfield>
	</marc:datafield>
	<marc:datafield ind1=" " ind2=" " tag="989"> 
        <marc:subfield code="2">Man</marc:subfield>
        <marc:subfield code="2">Sensibility</marc:subfield>
        <marc:subfield code="2">History</marc:subfield>
        <marc:subfield code="2">Fact</marc:subfield>
        <marc:subfield code="3">Real</marc:subfield>
        <marc:subfield code="5">Sir George Ellison</marc:subfield>
        <marc:subfield code="6">Found</marc:subfield>
    </marc:datafield>
    <marc:datafield ind1=" " ind2=" " tag="999">
		<marc:subfield code="a">IC</marc:subfield>
		<marc:subfield code="b">7/23/18</marc:subfield>
		<marc:subfield code="c">University of Pennsylvania</marc:subfield>
    	<marc:subfield code="d">DPL</marc:subfield>
	</marc:datafield>
</marc:record>