	<marc:record>
	<marc:leader>01851cam a2200409 a 4500</marc:leader>
	<marc:controlfield tag="005">20141201151338.0</marc:controlfield>
	<marc:controlfield tag="008">880504s1797    nyuac         00011 eng  </marc:controlfield>
	<marc:controlfield tag="001">995819063503681</marc:controlfield>
	<marc:datafield ind1=" " ind2=" " tag="010">
		<marc:subfield code="a">   82464855 </marc:subfield>
	</marc:datafield>
	<marc:datafield ind1=" " ind2=" " tag="035">
		<marc:subfield code="a">(OCoLC)ocm08628468</marc:subfield>
	</marc:datafield>
	<marc:datafield ind1=" " ind2=" " tag="035">
		<marc:subfield code="a">(OCoLC)8628468</marc:subfield>
	</marc:datafield>
	<marc:datafield ind1=" " ind2=" " tag="035">
		<marc:subfield code="a">(CStRLIN)PAUG88-B19307</marc:subfield>
	</marc:datafield>
	<marc:datafield ind1=" " ind2=" " tag="035">
		<marc:subfield code="9">ACX2165</marc:subfield>
	</marc:datafield>
	<marc:datafield ind1=" " ind2=" " tag="035">
		<marc:subfield code="a">581906</marc:subfield>
	</marc:datafield>
	<marc:datafield ind1=" " ind2=" " tag="035">
		<marc:subfield code="a">(PU)581906-penndb-Voyager</marc:subfield>
	</marc:datafield>
	<marc:datafield ind1="1" ind2=" " tag="041">
		<marc:subfield code="a">engfre</marc:subfield>
	</marc:datafield>
	<marc:datafield ind1="0" ind2=" " tag="050">
		<marc:subfield code="a">PQ1795.T5</marc:subfield>
		<marc:subfield code="b">E5 1797b</marc:subfield>
	</marc:datafield>
	<marc:datafield ind1="0" ind2=" " tag="082">
		<marc:subfield code="a">843/.4</marc:subfield>
		<marc:subfield code="2">19</marc:subfield>
	</marc:datafield>
	<marc:datafield ind1=" " ind2=" " tag="090">
		<marc:subfield code="a">PQ1795.T5</marc:subfield>
		<marc:subfield code="b">E5 1797b</marc:subfield>
		<marc:subfield code="i">05/04/88 CT</marc:subfield>
	</marc:datafield>
	<marc:datafield ind1="1" ind2="0" tag="100">
		<marc:subfield code="a">Fenelon, Francois de Salignac de La Mothe-,</marc:subfield>
		<marc:subfield code="d">1651-1715.</marc:subfield>
	</marc:datafield>
	<marc:datafield ind1="1" ind2="0" tag="240">
		<marc:subfield code="a">Aventures de Telemaque.</marc:subfield>
		<marc:subfield code="l">English</marc:subfield>
	</marc:datafield>
	<marc:datafield ind1="1" ind2="4" tag="245">
		<marc:subfield code="a">The adventures of Telemachus, son of Ulysses /</marc:subfield>
		<marc:subfield code="c">from the French of Fenelon by the celebrated Jno. Hawkesworth ... ; corrected and revised by G. Gregory ... ; with a life of the author and a complete index, historical and geographical ; embellished with engravings ...</marc:subfield>
	</marc:datafield>
	<marc:datafield ind1=" " ind2=" " tag="246" >
		<marc:subfield code="a">Telemachus. Vol. I.</marc:subfield>
		<marc:subfield code="d">Letter-press</marc:subfield>
		<marc:subfield code="g">Half</marc:subfield>
		<marc:subfield code="x">Volume</marc:subfield>
		<marc:subfield code="v">v.1</marc:subfield>
	</marc:datafield>	
	<marc:datafield ind1=" " ind2=" " tag="246" >
		<marc:subfield code="a">The adventures of Telemachus Son of Ulysses from the French of Fenelon by the celebrated Jno. Hawkesworth L.L.D. Corrected &amp; revised by G. Gregory. D.D. With a life of the author and a complete index historical and geographical. Embellished with engravings. In two volumes. Vol. 1.</marc:subfield>
		<marc:subfield code="d">Engraving</marc:subfield>
		<marc:subfield code="g">Full</marc:subfield>
		<marc:subfield code="x">Volume</marc:subfield>
		<marc:subfield code="v">v.1</marc:subfield>
	</marc:datafield>
	<marc:datafield ind1=" " ind2=" " tag="246" >
		<marc:subfield code="a">Telemachus. Vol. II.</marc:subfield>
		<marc:subfield code="d">Letter-press</marc:subfield>
		<marc:subfield code="g">Half</marc:subfield>
		<marc:subfield code="x">Volume</marc:subfield>
		<marc:subfield code="v">v.2</marc:subfield>
	</marc:datafield>
	<marc:datafield ind1=" " ind2=" " tag="246" >
		<marc:subfield code="a">The adventures of Telemachus Son of Ulysses from the French of Fenelon by the celebrated Jno. Hawkesworth L.L.D. Corrected &amp; revised by G. Gregory. D.D. With a life of the author and a complete index historical and geographical. Embellished with engravings. In two volumes. Vol. 2.</marc:subfield>
		<marc:subfield code="d">Engraving</marc:subfield>
		<marc:subfield code="g">Full</marc:subfield>
		<marc:subfield code="x">Volume</marc:subfield>
		<marc:subfield code="v">v.2</marc:subfield>
	</marc:datafield>
	<marc:datafield ind1=" " ind2=" " tag="260">
		<marc:subfield code="a">New York</marc:subfield>
		<marc:subfield code="b">Printed by T. &amp; J. Swords for David Longworth No. 66 Nassau Street</marc:subfield>
		<marc:subfield code="c">[1797]</marc:subfield>
	</marc:datafield>
	<marc:datafield ind1=" " ind2=" " tag="300">
		<marc:subfield code="a">2 v. ;</marc:subfield>
		<marc:subfield code="b">ill., 1 port. (engravings) ;</marc:subfield>
		<marc:subfield code="c">22 cm. (4to)</marc:subfield>
		<marc:subfield code="x">Quarto</marc:subfield>
		<marc:subfield code="z">In two volumes.</marc:subfield>
	</marc:datafield>
	<marc:datafield ind1=" " ind2=" " tag="500">
		<marc:subfield code="a">Translation of: Les aventures de Telemaque.</marc:subfield>
	</marc:datafield>
	<marc:datafield ind1=" " ind2=" " tag="500">
		<marc:subfield code="a">Vol. 2 has variant publisher statement: Printed for &amp; published by David Longworth.</marc:subfield>
	</marc:datafield>
	<marc:datafield ind1=" " ind2=" " tag="500">
		<marc:subfield code="a">Evans gives imprint date as 1796-1797; but some plates in v. 1 dated 1797.</marc:subfield>
	</marc:datafield>
	<marc:datafield ind1=" " ind2=" " tag="500">
		<marc:subfield code="a">Vol. 1: 39, [6], 44-357, [1] p., [9] leaves of plates; v. 2: 318, [1] p., [5] leaves of plates.</marc:subfield>
	</marc:datafield>
	<marc:datafield ind1=" " ind2=" " tag="500">
		<marc:subfield code="a">Title pages are engraved.</marc:subfield>
	</marc:datafield>
	<marc:datafield ind1="4" ind2=" " tag="510">
		<marc:subfield code="a">Evans</marc:subfield>
		<marc:subfield code="c">30414, 32126</marc:subfield>
	</marc:datafield>
	<marc:datafield ind1="4" ind2=" " tag="510">
		<marc:subfield code="a">ESTC (RLIN)</marc:subfield>
		<marc:subfield code="c">W19078</marc:subfield>
	</marc:datafield>
	<marc:datafield ind1=" " ind2=" " tag="520" >
		<marc:subfield code="a">Advertisement</marc:subfield>
		<marc:subfield code="b">Advertisement to the Last London Edition.</marc:subfield>
		<marc:subfield code="c">Front</marc:subfield>
		<marc:subfield code="v">v.1</marc:subfield>
		<marc:subfield code="x">Transcription of first sentence: "To say much in commendation of this publication will, doubtless to many, appear unnecessary; but, however lavishly the Telemachus of Cambray may have been commended, its real value is still not yet sufficiently known." Dated: "London, 1795."</marc:subfield>     
	</marc:datafield>
	<marc:datafield ind1=" " ind2=" " tag="520" >
		<marc:subfield code="a">About the Author</marc:subfield>
		<marc:subfield code="b">The life of Salignac De La Mothe Fenelon, Archbishop of Cambray.</marc:subfield>
		<marc:subfield code="c">Front</marc:subfield>
		<marc:subfield code="v">v.1</marc:subfield>
		<marc:subfield code="x">Transcription of first sentence: "The life of an author is generally an object of the public attention, in proportion to the celebrity of his writings."</marc:subfield>     
	</marc:datafield>
	<marc:datafield ind1=" " ind2=" " tag="520" >
		<marc:subfield code="a">Table of contents</marc:subfield>
		<marc:subfield code="b">Contents of Vol. I.</marc:subfield>
		<marc:subfield code="c">Front</marc:subfield>
		<marc:subfield code="v">v.1</marc:subfield>
		<marc:subfield code="x">Table of Contents of each book within the volume plus a summary and the page number.</marc:subfield>     
	</marc:datafield>
	<marc:datafield ind1=" " ind2=" " tag="520" >
		<marc:subfield code="a">Table of contents</marc:subfield>
		<marc:subfield code="b">The binder is directed to arrange the engravings as follows:</marc:subfield>
		<marc:subfield code="c">Back</marc:subfield>
		<marc:subfield code="v">v.1</marc:subfield>
		<marc:subfield code="x">Table of Contents of the engravings within vol. 1 and the page number.</marc:subfield>     
	</marc:datafield>
	<marc:datafield ind1=" " ind2=" " tag="520" >
		<marc:subfield code="a">Footnotes</marc:subfield>
		<marc:subfield code="c">Front</marc:subfield>
		<marc:subfield code="v">v.1</marc:subfield>
		<marc:subfield code="x">Footnotes on pages: 4, 8, 9, 11, 12, 13, 14, 15, 18, 19, 20, 23-37.</marc:subfield>     
	</marc:datafield>
	<marc:datafield ind1=" " ind2=" " tag="520" >
		<marc:subfield code="a">Table of contents</marc:subfield>
		<marc:subfield code="b">Contents of Vol. II.</marc:subfield>
		<marc:subfield code="c">Front</marc:subfield>
		<marc:subfield code="v">v.2</marc:subfield>
		<marc:subfield code="x">Table of Contents of each book within the volume plus a summary and the page number.</marc:subfield>     
	</marc:datafield>
	<marc:datafield ind1=" " ind2=" " tag="520" >
		<marc:subfield code="a">Errata</marc:subfield>
		<marc:subfield code="b">Erratum.</marc:subfield>
		<marc:subfield code="c">Back</marc:subfield>
		<marc:subfield code="v">v.2</marc:subfield>    
		<marc:subfield code="x">Transcription: "Vol. II. p.91, first line of the Argument to the third book, for "succour" read successor."</marc:subfield>   
	</marc:datafield>
	<marc:datafield ind1=" " ind2=" " tag="520" >
		<marc:subfield code="a">Index</marc:subfield>
		<marc:subfield code="b">An index of the proper names of persons and places that occur in the poem of Telemachus.</marc:subfield>
		<marc:subfield code="c">Back</marc:subfield>
		<marc:subfield code="v">v.2</marc:subfield>    
	</marc:datafield>
	<marc:datafield ind1=" " ind2=" " tag="592">
		<marc:subfield code="a">Third-person</marc:subfield>
	</marc:datafield>
	<marc:datafield ind1=" " ind2=" " tag="595">
		<marc:subfield code="a">Ink</marc:subfield>
		<marc:subfield code="b">Numbers</marc:subfield>
		<marc:subfield code="v">v.1</marc:subfield>
		<marc:subfield code="x">Located on full title page, by publication info as date. Transcription: "1799"</marc:subfield>
	</marc:datafield>
	<marc:datafield ind1=" " ind2=" " tag="596">
		<marc:subfield code="a">Translation</marc:subfield>
		<marc:subfield code="b">Title Page</marc:subfield>
		<marc:subfield code="c">French</marc:subfield>
		<marc:subfield code="e">The adventures of Telemachus Son of Ulysses from the French of Fenelon by the celebrated Jno. Hawkesworth L.L.D. Corrected &amp; revised by G. Gregory. D.D.</marc:subfield>
	</marc:datafield> 
	<marc:datafield ind1=" " ind2=" " tag="596">
		<marc:subfield code="a">Revision</marc:subfield>
		<marc:subfield code="b">Title Page</marc:subfield>
		<marc:subfield code="e">The adventures of Telemachus Son of Ulysses from the French of Fenelon by the celebrated Jno. Hawkesworth L.L.D. Corrected &amp; revised by G. Gregory. D.D.</marc:subfield>
	</marc:datafield>
	<marc:datafield ind1=" " ind2=" " tag="599">
		<marc:subfield code="a">Author (text)</marc:subfield>
		<marc:subfield code="b">Proper name</marc:subfield>
		<marc:subfield code="2">The adventures of Telemachus Son of Ulysses from the French of Fenelon</marc:subfield>
		<marc:subfield code="3">Title Page</marc:subfield>
		<marc:subfield code="5">Male</marc:subfield>
		<marc:subfield code="6">Male</marc:subfield>
	</marc:datafield> 
	<marc:datafield ind1=" " ind2=" " tag="599">
		<marc:subfield code="a">Translator (text)</marc:subfield>
		<marc:subfield code="b">Proper name</marc:subfield>
		<marc:subfield code="2">The adventures of Telemachus Son of Ulysses from the French of Fenelon by the celebrated Jno. Hawkesworth L.L.D. Corrected &amp; revised by G. Gregory. D.D.</marc:subfield>
		<marc:subfield code="3">Title Page</marc:subfield>
		<marc:subfield code="5">Male</marc:subfield>
		<marc:subfield code="6">Male</marc:subfield>
	</marc:datafield> 
	<marc:datafield ind1=" " ind2=" " tag="599">
		<marc:subfield code="a">Editor (text)</marc:subfield>
		<marc:subfield code="b">Proper name</marc:subfield>
		<marc:subfield code="2">The adventures of Telemachus Son of Ulysses from the French of Fenelon by the celebrated Jno. Hawkesworth L.L.D. Corrected &amp; revised by G. Gregory. D.D.</marc:subfield>
		<marc:subfield code="3">Title Page</marc:subfield>
		<marc:subfield code="5">Male</marc:subfield>
		<marc:subfield code="6">Male</marc:subfield>
	</marc:datafield> 
	<marc:datafield ind1=" " ind2="4" tag="650">
		<marc:subfield code="a">CHR 1797</marc:subfield>
	</marc:datafield>
	<marc:datafield ind1=" " ind2=" " tag="700">
		<marc:subfield code="a">Fnelon, Franois de Salignac de la Mothe</marc:subfield>
		<marc:subfield code="d">1651-1715</marc:subfield>
		<marc:subfield code="4">Author (text)</marc:subfield>
		<marc:subfield code="5">Authorized</marc:subfield>
	</marc:datafield>
	<marc:datafield ind1=" " ind2=" " tag="700">
		<marc:subfield code="a">Swords, Thomas</marc:subfield>
		<marc:subfield code="d">1764-1843</marc:subfield>
		<marc:subfield code="4">Printed by</marc:subfield>
		<marc:subfield code="5">Authorized</marc:subfield>
	</marc:datafield>
	<marc:datafield ind1=" " ind2=" " tag="700">
		<marc:subfield code="a">Swords, James</marc:subfield>
		<marc:subfield code="d">1765-1846</marc:subfield>
		<marc:subfield code="4">Printed by</marc:subfield>
		<marc:subfield code="5">Authorized</marc:subfield>
	</marc:datafield>
	<marc:datafield ind1=" " ind2=" " tag="700">
		<marc:subfield code="a">Longworth, David</marc:subfield>
		<marc:subfield code="d">1765?-1821</marc:subfield>
		<marc:subfield code="4">Printed for</marc:subfield>
		<marc:subfield code="5">Authorized</marc:subfield>
	</marc:datafield>
	<marc:datafield ind1=" " ind2=" " tag="700">
		<marc:subfield code="a">Hawkesworth, John</marc:subfield>
		<marc:subfield code="d">1715?-1773</marc:subfield>
		<marc:subfield code="4">Translator (text)</marc:subfield>
		<marc:subfield code="5">Authorized</marc:subfield>
	</marc:datafield>
	<marc:datafield ind1=" " ind2=" " tag="700">
		<marc:subfield code="a">Clarke, Thomas</marc:subfield>
		<marc:subfield code="4">Author (illustration)</marc:subfield>
		<marc:subfield code="5">Authorized</marc:subfield>
	</marc:datafield>
	<marc:datafield ind1=" " ind2=" " tag="700">
		<marc:subfield code="a">Gregory, George</marc:subfield>
		<marc:subfield code="d">1754-1808</marc:subfield>
		<marc:subfield code="4">Editor (text)</marc:subfield>
		<marc:subfield code="5">Authorized</marc:subfield>
	</marc:datafield>
	<marc:datafield ind1=" " ind2=" " tag="710">
		<marc:subfield code="a">T. &amp; J. Swords</marc:subfield>
		<marc:subfield code="4">Printed by</marc:subfield>
		<marc:subfield code="5">Authorized</marc:subfield>
	</marc:datafield>         
	<marc:datafield ind1="2" ind2=" " tag="710">
		<marc:subfield code="a">Collection of British and American Fiction, 1660-1830 (University of Pennsylvania)</marc:subfield>
		<marc:subfield code="5">PU</marc:subfield>
	</marc:datafield>
	<marc:datafield ind1="2" ind2=" " tag="710">
		<marc:subfield code="a">Early Novels</marc:subfield>
		<marc:subfield code="5">University of Pennsylvania</marc:subfield>
	</marc:datafield>
	<marc:datafield ind1=" " ind2=" " tag="950">
		<marc:subfield code="l">RBC</marc:subfield>
		<marc:subfield code="v">v.1-2</marc:subfield>
		<marc:subfield code="i">05/04/88 C</marc:subfield>
	</marc:datafield>
	<marc:datafield ind1=" " ind2=" " tag="955">
		<marc:subfield code="l">RBC</marc:subfield>
		<marc:subfield code="c">1:v.1</marc:subfield>
		<marc:subfield code="q">359091</marc:subfield>
		<marc:subfield code="i">05/04/88 C</marc:subfield>
	</marc:datafield>
	<marc:datafield ind1=" " ind2=" " tag="955">
		<marc:subfield code="l">RBC</marc:subfield>
		<marc:subfield code="c">1:v.2</marc:subfield>
		<marc:subfield code="q">359092</marc:subfield>
		<marc:subfield code="i">05/04/88 C</marc:subfield>
	</marc:datafield>
	<marc:datafield ind1=" " ind2=" " tag="989"> 
		<marc:subfield code="2">Adventure</marc:subfield>
		<marc:subfield code="2">Son</marc:subfield>
		<marc:subfield code="2">Life</marc:subfield>
		<marc:subfield code="2">Author</marc:subfield>
		<marc:subfield code="2">Index</marc:subfield>
		<marc:subfield code="2">Engraving</marc:subfield>
		<marc:subfield code="2">French</marc:subfield>
		<marc:subfield code="2">Volume</marc:subfield>
		<marc:subfield code="3">Celebrated</marc:subfield>
		<marc:subfield code="3">Complete</marc:subfield>
		<marc:subfield code="3">Historical</marc:subfield>
		<marc:subfield code="3">Geographical</marc:subfield>
		<marc:subfield code="3">Two</marc:subfield>
		<marc:subfield code="4">Place name</marc:subfield>
		<marc:subfield code="5">Telemachus</marc:subfield>
		<marc:subfield code="5">Ulysses</marc:subfield>
		<marc:subfield code="5">Fenelon</marc:subfield>
		<marc:subfield code="5">Jno. Hawkesworth L. L. D.</marc:subfield>
		<marc:subfield code="5">G. Gregory D.D.</marc:subfield>
		<marc:subfield code="6">Correct</marc:subfield>
		<marc:subfield code="6">Revise</marc:subfield>
		<marc:subfield code="6">Embellish</marc:subfield>
	</marc:datafield>
	<marc:datafield ind1=" " ind2=" " tag="999">
		<marc:subfield code="a">IC</marc:subfield>
		<marc:subfield code="b">7/17/18</marc:subfield>
		<marc:subfield code="c">University of Pennsylvania</marc:subfield>
		<marc:subfield code="d">DPL</marc:subfield>
	</marc:datafield>
</marc:record>