<marc:record>
    <marc:leader>01100cam a2200301 a 4500</marc:leader>
	<marc:controlfield tag="005">20141119143941.0</marc:controlfield>
	<marc:controlfield tag="008">870316s1797    enk           00000 eng d</marc:controlfield>
	<marc:controlfield tag="001">99596423503681</marc:controlfield>
	<marc:datafield ind1=" " ind2=" " tag="035">
		<marc:subfield code="a">(OCoLC)ocn185063530</marc:subfield>
	</marc:datafield>
	<marc:datafield ind1=" " ind2=" " tag="035">
		<marc:subfield code="a">(OCoLC)185063530</marc:subfield>
	</marc:datafield>
	<marc:datafield ind1=" " ind2=" " tag="035">
		<marc:subfield code="a">(CStRLIN)PAUG87-B7431</marc:subfield>
	</marc:datafield>
	<marc:datafield ind1=" " ind2=" " tag="035">
		<marc:subfield code="a">(CaOTULAS)185128341</marc:subfield>
	</marc:datafield>
	<marc:datafield ind1=" " ind2=" " tag="035">
		<marc:subfield code="9">AAG8330</marc:subfield>
	</marc:datafield>
	<marc:datafield ind1=" " ind2=" " tag="035">
		<marc:subfield code="a">59642</marc:subfield>
	</marc:datafield>
	<marc:datafield ind1=" " ind2=" " tag="035">
		<marc:subfield code="a">(PU)59642-penndb-Voyager</marc:subfield>
	</marc:datafield>
	<marc:datafield ind1=" " ind2=" " tag="035">
		<marc:subfield code="a">(PennHoldings)75230</marc:subfield>
	</marc:datafield>
	<marc:datafield ind1=" " ind2=" " tag="040">
		<marc:subfield code="a">PU</marc:subfield>
		<marc:subfield code="c">PU</marc:subfield>
	</marc:datafield>
	<marc:datafield ind1=" " ind2=" " tag="090">
		<marc:subfield code="a">PR4786.H45</marc:subfield>
		<marc:subfield code="b">C5 1797</marc:subfield>
		<marc:subfield code="i">03/17/87 CT</marc:subfield>
	</marc:datafield>
	<marc:datafield ind1="1" ind2="0" tag="100">
		<marc:subfield code="a">Hervey, Elizabeth,</marc:subfield>
		<marc:subfield code="d">fl. 1788-1814.</marc:subfield>
	</marc:datafield>
	<marc:datafield ind1="1" ind2="4" tag="245">
		<marc:subfield code="a">The Church of St. Siffrid :</marc:subfield>
		<marc:subfield code="b">in four volumes.</marc:subfield>
	</marc:datafield>

	<marc:datafield ind1=" " ind2=" " tag="246" >
        <marc:subfield code="a">The Church of St. Siffrid.</marc:subfield>
        <marc:subfield code="d">Letter-press</marc:subfield>
        <marc:subfield code="g">Half</marc:subfield>
        <marc:subfield code="x">Work</marc:subfield>
        <marc:subfield code="v">v.1</marc:subfield>
    </marc:datafield>
    <marc:datafield ind1=" " ind2=" " tag="246" >
            <marc:subfield code="a">The Church of St. Siffrid.</marc:subfield>
            <marc:subfield code="d">Letter-press</marc:subfield>
            <marc:subfield code="g">Half</marc:subfield>
            <marc:subfield code="x">Work</marc:subfield>
            <marc:subfield code="v">v.2</marc:subfield>
    </marc:datafield>
    <marc:datafield ind1=" " ind2=" " tag="246" >
            <marc:subfield code="a">The Church of St. Siffrid.</marc:subfield>
            <marc:subfield code="d">Letter-press</marc:subfield>
            <marc:subfield code="g">Half</marc:subfield>
            <marc:subfield code="x">Work</marc:subfield>
            <marc:subfield code="v">v.3</marc:subfield>
    </marc:datafield>
    <marc:datafield ind1=" " ind2=" " tag="246" >
            <marc:subfield code="a">The Church of St. Siffrid.</marc:subfield>
            <marc:subfield code="d">Letter-press</marc:subfield>
            <marc:subfield code="g">Half</marc:subfield>
            <marc:subfield code="x">Work</marc:subfield>
            <marc:subfield code="v">v.4</marc:subfield>
    </marc:datafield>
    <marc:datafield ind1=" " ind2=" " tag="246" >
        <marc:subfield code="a">The Church of St. Siffrid. In Four Volumes. Vol. I.</marc:subfield>
        <marc:subfield code="d">Letter-press</marc:subfield>
        <marc:subfield code="g">Full</marc:subfield>
        <marc:subfield code="x">Work</marc:subfield>
        <marc:subfield code="v">v.1</marc:subfield>
    </marc:datafield>
    <marc:datafield ind1=" " ind2=" " tag="246" >
            <marc:subfield code="a">The Church of St. Siffrid. In Four Volumes. Vol. II.</marc:subfield>
            <marc:subfield code="d">Letter-press</marc:subfield>
            <marc:subfield code="g">Full</marc:subfield>
            <marc:subfield code="x">Work</marc:subfield>
            <marc:subfield code="v">v.2</marc:subfield>
      </marc:datafield>
      <marc:datafield ind1=" " ind2=" " tag="246" >
            <marc:subfield code="a">The Church of St. Siffrid. In Four Volumes. Vol. III.</marc:subfield>
            <marc:subfield code="d">Letter-press</marc:subfield>
            <marc:subfield code="g">Full</marc:subfield>
            <marc:subfield code="x">Work</marc:subfield>
            <marc:subfield code="v">v.3</marc:subfield>
      </marc:datafield>
      <marc:datafield ind1=" " ind2=" " tag="246" >
            <marc:subfield code="a">The Church of St. Siffrid. In Four Volumes. Vol. IV.</marc:subfield>
            <marc:subfield code="d">Letter-press</marc:subfield>
            <marc:subfield code="g">Full</marc:subfield>
            <marc:subfield code="x">Work</marc:subfield>
            <marc:subfield code="v">v.4</marc:subfield>
     </marc:datafield>
    <marc:datafield ind1="0" ind2="0" tag="246" >
        <marc:subfield code="a">The Church of St. Siffrid.</marc:subfield>
    </marc:datafield>
    <marc:datafield ind1="0" ind2="7" tag="246" >
        <marc:subfield code="a">The Church of (verso)</marc:subfield>
        <marc:subfield code="a">St. Siffrid. (recto)</marc:subfield>
    </marc:datafield>

	<marc:datafield ind1="0" ind2=" " tag="260">
		<marc:subfield code="a">London</marc:subfield>
		<marc:subfield code="b">Printed for G. G. and J. Robinson, Paternoster-Row.</marc:subfield>
		<marc:subfield code="c">1797.</marc:subfield>
		<marc:subfield code="c">1797</marc:subfield>
	</marc:datafield>

	<marc:datafield ind1=" " ind2=" " tag="300">
		<marc:subfield code="a">4 v. ;</marc:subfield>
		<marc:subfield code="c">19 cm. (12mo)</marc:subfield>
		<marc:subfield code="x">Duodecimo</marc:subfield>
        <marc:subfield code="z">In Four Volumes</marc:subfield>
	</marc:datafield>

	<marc:datafield ind1=" " ind2=" " tag="500">
		<marc:subfield code="a">Published anonymously.  By Elizabeth Hervey.  Cf. NUC pre-1956 imprints.</marc:subfield>
	</marc:datafield>

	<marc:datafield ind1="4" ind2=" " tag="510">
		<marc:subfield code="a">ESTC (RLIN)</marc:subfield>
		<marc:subfield code="c">T124771</marc:subfield>
	</marc:datafield>
	<marc:datafield ind1="4" ind2=" " tag="510">
		<marc:subfield code="a">English novel, 1770-1829,</marc:subfield>
		<marc:subfield code="c">1793: 43</marc:subfield>
	</marc:datafield>

	<marc:datafield ind1=" " ind2=" " tag="591">
        <marc:subfield code="a">Non mesto, non valor, no riverenza--- Ne d'eta ne di grado, ne di legge;--- Non peno di vergogna; non rispetto--- Ne d'amor ne di fangue; non memoria--- Di ricevuto ben, ne finalmente--- Cosa si venerabile, o si santa,--- O si giusto esser puo, ch'a quella vasta--- Cupidigia d'honori, a quella ingorda--- Fama d'aver, violabil fia.</marc:subfield>
        <marc:subfield code="2">Guarini</marc:subfield>        
        <marc:subfield code="d">Not sad, not valor, no reverence --- Neither of degree nor of law; --- Not shameful; not respect --- Neither of love of blood; not memory --- Of received well, nor finally - What is venerable, or holy, - Or is it right to be can, that the vast --- Cupidigia d'honori, to the greedy one --- Fame of having, violabilia.</marc:subfield>
        <marc:subfield code="v">v.1</marc:subfield>
        <marc:subfield code="v">v.2</marc:subfield>
        <marc:subfield code="v">v.3</marc:subfield>
        <marc:subfield code="v">v.4</marc:subfield>
        <marc:subfield code="x">Google Translate</marc:subfield>
    </marc:datafield>

    <marc:datafield ind1=" " ind2=" " tag="592">
        <marc:subfield code="a">Third-person</marc:subfield>
    </marc:datafield>

	<marc:datafield ind1=" " ind2=" " tag="594">
        <marc:subfield code="a">Eliza Bateman 4 vols</marc:subfield>
        <marc:subfield code="b">Ink</marc:subfield>
        <marc:subfield code="v">v.1</marc:subfield>
    </marc:datafield>
    <marc:datafield ind1=" " ind2=" " tag="594">
        <marc:subfield code="a">Eliza Bateman</marc:subfield>
        <marc:subfield code="b">Ink</marc:subfield>
        <marc:subfield code="v">v.2</marc:subfield>
        <marc:subfield code="v">v.3</marc:subfield>
        <marc:subfield code="v">v.4</marc:subfield>
    </marc:datafield>

	<marc:datafield ind1=" " ind2="4" tag="650">
		<marc:subfield code="a">CHR 1797</marc:subfield>
	</marc:datafield>
	<marc:datafield ind1=" " ind2="4" tag="650">
		<marc:subfield code="a">PRO Bateman, Elizabeth (autograph)</marc:subfield>
	</marc:datafield>

	<marc:datafield ind1=" " ind2=" " tag="700">
        <marc:subfield code="a">Eliza Bateman</marc:subfield>
        <marc:subfield code="4">Inscribed by</marc:subfield>
        <marc:subfield code="5">Unauthorized</marc:subfield>
    </marc:datafield>
<marc:datafield ind1=" " ind2=" " tag="700">
        <marc:subfield code="a">G. Robinson</marc:subfield>
        <marc:subfield code="4">Printed for</marc:subfield>
        <marc:subfield code="5">Unauthorized</marc:subfield>
    </marc:datafield>
  <marc:datafield ind1=" " ind2=" " tag="700">
        <marc:subfield code="a">G. Robinson</marc:subfield>
        <marc:subfield code="4">Printed for</marc:subfield>
        <marc:subfield code="5">Unauthorized</marc:subfield>
    </marc:datafield>  
<marc:datafield ind1=" " ind2=" " tag="700">
        <marc:subfield code="a">J. Robinson</marc:subfield>
        <marc:subfield code="4">Printed For</marc:subfield>
        <marc:subfield code="5">Unauthorized</marc:subfield>
    </marc:datafield>

    <marc:datafield ind1=" " ind2=" " tag="710">
        <marc:subfield code="a">G. G. and J. Robinson (London)</marc:subfield>
        <marc:subfield code="4">Printed for</marc:subfield>
        <marc:subfield code="5">Authorized</marc:subfield>
    </marc:datafield>         
	<marc:datafield ind1="2" ind2=" " tag="710">
        <marc:subfield code="a">Early Novels</marc:subfield>
        <marc:subfield code="5">University of Pennsylvania</marc:subfield>
    </marc:datafield>
	<marc:datafield ind1="2" ind2=" " tag="710">
		<marc:subfield code="a">Collection of British and American Fiction, 1660-1830 (University of Pennsylvania)</marc:subfield>
		<marc:subfield code="5">PU</marc:subfield>
	</marc:datafield>
	<marc:datafield ind1=" " ind2=" " tag="950">
		<marc:subfield code="l">RBC</marc:subfield>
		<marc:subfield code="e">\\Singer-\Menden-\hall\</marc:subfield>
		<marc:subfield code="v">4 v.</marc:subfield>
		<marc:subfield code="i">03/17/87 C</marc:subfield>
	</marc:datafield>
	<marc:datafield ind1=" " ind2=" " tag="955">
		<marc:subfield code="l">RBC</marc:subfield>
		<marc:subfield code="c">1:(v.1-4)</marc:subfield>
		<marc:subfield code="q">725324-27</marc:subfield>
		<marc:subfield code="s">g. Singer Mem.</marc:subfield>
		<marc:subfield code="i">03/17/87 C</marc:subfield>
	</marc:datafield>
	 <marc:datafield ind1=" " ind2=" " tag="989"> 
        <marc:subfield code="2">Church</marc:subfield>
        <marc:subfield code="2">Volume</marc:subfield>
	    <marc:subfield code="3">Four</marc:subfield>
        <marc:subfield code="5">St. Siffrid</marc:subfield>	    
    </marc:datafield>
    <marc:datafield ind1=" " ind2=" " tag="999">
		<marc:subfield code="a">IC</marc:subfield>
		<marc:subfield code="b">7/19/18</marc:subfield>
		<marc:subfield code="c">University of Pennsylvania</marc:subfield>
        <marc:subfield code="d">DPL</marc:subfield>
	</marc:datafield>
</marc:record>