
<marc:record>
	<marc:leader>01388cam a2200313 a 4500</marc:leader>
	<marc:controlfield tag="005">20141119144028.0</marc:controlfield>
	<marc:controlfield tag="008">870317s1797    enkaf         00010 eng d</marc:controlfield>
	<marc:controlfield tag="001">99598213503681</marc:controlfield>
	<marc:datafield ind1=" " ind2=" " tag="010">
		<marc:subfield code="a">31016984</marc:subfield>
	</marc:datafield>
	<marc:datafield ind1=" " ind2=" " tag="035">
		<marc:subfield code="a">(OCoLC)ocm05650953</marc:subfield>
	</marc:datafield>
	<marc:datafield ind1=" " ind2=" " tag="035">
		<marc:subfield code="a">(OCoLC)5650953</marc:subfield>
	</marc:datafield>
	<marc:datafield ind1=" " ind2=" " tag="035">
		<marc:subfield code="a">(CStRLIN)PAUG87-B7641</marc:subfield>
	</marc:datafield>
	<marc:datafield ind1=" " ind2=" " tag="035">
		<marc:subfield code="a">(CaOTULAS)185129349</marc:subfield>
	</marc:datafield>
	<marc:datafield ind1=" " ind2=" " tag="035">
		<marc:subfield code="9">AAG8515</marc:subfield>
	</marc:datafield>
	<marc:datafield ind1=" " ind2=" " tag="035">
		<marc:subfield code="a">59821</marc:subfield>
	</marc:datafield>
	<marc:datafield ind1=" " ind2=" " tag="035">
		<marc:subfield code="a">(PU)59821-penndb-Voyager</marc:subfield>
	</marc:datafield>
	<marc:datafield ind1=" " ind2=" " tag="035">
		<marc:subfield code="a">(PennHoldings)75434</marc:subfield>
	</marc:datafield>
	<marc:datafield ind1=" " ind2=" " tag="040">
		<marc:subfield code="a">IaU</marc:subfield>
		<marc:subfield code="c">IaU</marc:subfield>
		<marc:subfield code="d">NBiSU</marc:subfield>
		<marc:subfield code="d">PU</marc:subfield>
	</marc:datafield>
	<marc:datafield ind1=" " ind2=" " tag="090">
		<marc:subfield code="a">PR3668.R3</marc:subfield>
		<marc:subfield code="b">T3 1797b</marc:subfield>
		<marc:subfield code="i">03/17/87 CT</marc:subfield>
	</marc:datafield>
	<marc:datafield ind1="1" ind2="0" tag="100">
		<marc:subfield code="a">Morell, Charles,</marc:subfield>
		<marc:subfield code="c">Sir,</marc:subfield>
		<marc:subfield code="d">1736-1765.</marc:subfield>
	</marc:datafield>
	<marc:datafield ind1="1" ind2="4" tag="245">
		<marc:subfield code="a">The tales of the Genii, or The delightful lessons of Horam, the son of Asmar /</marc:subfield>
		<marc:subfield code="c">faithfully translated from the Persian manuscript, and compared with the French and Spanish editions, published at Paris and Madrid, by Sir Charles Morell ...</marc:subfield>
	</marc:datafield>
	<marc:datafield ind1=" " ind2=" " tag="246" >
        <marc:subfield code="a">The tales of the Genii; or, The delightful lessons of Horam, the son of Asmar. Faithfully translated from the Persian manuscript; and compared with the French and Spanish editions, published at Paris and Madrid. By Sir Charles Morell, formerly ambassador from the British settlements in India to the Great Mogul. Cooke's edition. Embellished with superb engravings. Vol. I.</marc:subfield>
        <marc:subfield code="d">Letter-press</marc:subfield>
        <marc:subfield code="g">Full</marc:subfield>
        <marc:subfield code="x">Volume</marc:subfield>
        <marc:subfield code="v">v.1</marc:subfield>
    </marc:datafield>
    <marc:datafield ind1=" " ind2=" " tag="246" >
        <marc:subfield code="a">The tales of the Genii; or, The delightful lessons of Horam, the son of Asmar. Faithfully translated from the Persian manuscript; and compared with the French and Spanish editions, published at Paris and Madrid. By Sir Charles Morell, formerly ambassador from the British settlements in India to the Great Mogul. Cooke's edition. Embellished with superb engravings. Vol. II.</marc:subfield>
        <marc:subfield code="d">Letter-press</marc:subfield>
        <marc:subfield code="g">Full</marc:subfield>
        <marc:subfield code="x">Volume</marc:subfield>
        <marc:subfield code="v">v.2</marc:subfield>
    </marc:datafield>
    <marc:datafield ind1="0" ind2="7" tag="246" >
        <marc:subfield code="a">Tales of the Genii.</marc:subfield>
    </marc:datafield>
    <marc:datafield ind1="0" ind2="7" tag="246" >
        <marc:subfield code="a">Tales of the Genii. (verso)</marc:subfield>
        <marc:subfield code="a">Tales of the Genii. (recto)</marc:subfield>
    </marc:datafield>
	<marc:datafield ind1=" " ind2=" " tag="250">
		<marc:subfield code="a">Cooke's edition, embellished with superb engravings.</marc:subfield>
	</marc:datafield>
	<marc:datafield ind1=" " ind2=" " tag="260">
		<marc:subfield code="a">London</marc:subfield>
		<marc:subfield code="b">Printed for C. Cooke, No. 17, Paternoster-Row. And sold by all the booksellers in Great Britain.</marc:subfield>
		<marc:subfield code="c">[1797]</marc:subfield>
		<marc:subfield code="c">1797</marc:subfield>
	</marc:datafield>
	<marc:datafield ind1=" " ind2=" " tag="300">
		<marc:subfield code="a">2 v. :</marc:subfield>
		<marc:subfield code="b">Ill.</marc:subfield>
		<marc:subfield code="c">15 cm. (12mo)</marc:subfield>
		<marc:subfield code="z">Duodecimo</marc:subfield>
	</marc:datafield>
	<marc:datafield ind1=" " ind2=" " tag="500">
		<marc:subfield code="a">An original work modelled on the Arabian nights.</marc:subfield>
	</marc:datafield>
	<marc:datafield ind1=" " ind2=" " tag="500">
		<marc:subfield code="a">Transcription of caption of frontispiece on v.1: "Cooke's Edition of the Tales of the Genii. The hags appearing to Abuduh when in search of the talisman."; v.2: "Tales of The Genii. Vol. II. P. 8. The Sultan condemning Horam to Death for disappointing his expectations."</marc:subfield>
	</marc:datafield>
	<marc:datafield ind1=" " ind2=" " tag="500">
		<marc:subfield code="a">Transcription of caption of illustration on v.1 p.53: "Tales of the Genii. Abudah's disappointment in the Temple of Queen of Pleasure. Vide Vol. I. p.53."; p.101: "Tales of the Genii. Vol. I. P.101. Cansu the Shepherd, taking the Genii Giuaraha out of the River."; p.149: "Vide Volume I.; Page 149. The Lion after dispersing the robbers and destroying the ruffian fawning at the feet of Urad the fair wanderer."</marc:subfield>
	</marc:datafield>
	<marc:datafield ind1=" " ind2=" " tag="500">
		<marc:subfield code="a">Transcription of caption of illustration on v.2 p.145: "Sadac presented by the Virgin of the cave, with the water of Oblivion to drown his reflection on his former misfortune."; p. 228: "Tales of the Genii. Vol. Ii. P.228. Adhim surprised at the appearance of Kaphira in the Enchanted Forest."</marc:subfield>
	</marc:datafield>
	<marc:datafield ind1="4" ind2=" " tag="510">
		<marc:subfield code="a">ESTC (RLIN)</marc:subfield>
		<marc:subfield code="c">T74887</marc:subfield>
	</marc:datafield>
	<marc:datafield ind1=" " ind2=" " tag="520" >
        <marc:subfield code="a">Dedication</marc:subfield>
        <marc:subfield code="b">To His Royal Highness George Prince of Wales.</marc:subfield>
        <marc:subfield code="c">Front</marc:subfield>
        <marc:subfield code="v">v.1</marc:subfield>
        <marc:subfield code="x">Full transcription: "May it please your Royal Highness, as this work is designed to promote the cause of morality, I have presumed to lay it at the feet of your Royal Highness, whose early entrance into the paths of virtue, under the conduct of illustrious and Royal Mother, and the direction and auspice of the best of Fathers and of Kings, has encouraged me to hope, and these Tales will hereafter meet with your Royal Highness's approbation."; Signed: I am, your royal highness's most obedient servant, The Editor.</marc:subfield>     
   	</marc:datafield>
   	<marc:datafield ind1=" " ind2=" " tag="520" >
        <marc:subfield code="a">To the Reader</marc:subfield>
        <marc:subfield code="b">The editor to the reader.</marc:subfield>
        <marc:subfield code="c">Front</marc:subfield>
        <marc:subfield code="v">v.1</marc:subfield>
        <marc:subfield code="x">Transcription of first sentence: "Kind Reader, though Sir Charles Morell has been long since dead, yet it is not in the least wonderful that this work has been kept from the public eye, as his papers were left to relations, who neither knew nor enquired into the value of his works."</marc:subfield>     
   	</marc:datafield>
   	<marc:datafield ind1=" " ind2=" " tag="520" >
        <marc:subfield code="a">Introduction</marc:subfield>
        <marc:subfield code="b">The Life of Horam The Son of Asmar. Written by Sir Charles Morell</marc:subfield>
        <marc:subfield code="c">Front</marc:subfield>
        <marc:subfield code="v">v.1</marc:subfield>
        <marc:subfield code="x">Transcription of first sentence: "During my long and painful residence in many different parts of Asia, both in the Mogul's dominions, and in those of the Ottoman Empire, it was my fortune, several times, to meet wth a small Persian work, intitled, 'The Delightful Lessons of Horam the son of Asmar,' a book of great note both as Ispahan and Constantinople, and frequently read by the religious teachers of Mahomet to their disciples, to excite them to works of morality and religion."</marc:subfield>     
   	</marc:datafield>
   	<marc:datafield ind1=" " ind2=" " tag="592">
        <marc:subfield code="a">Third-person</marc:subfield>
    </marc:datafield>
    <marc:datafield ind1=" " ind2=" " tag="596">
        <marc:subfield code="a">Translation</marc:subfield>
        <marc:subfield code="b">Title Page</marc:subfield>
        <marc:subfield code="c">Persian</marc:subfield>
        <marc:subfield code="e">Faithfully translated from the Persian manuscript; and compared with the French and Spanish editions, published at Paris and Madrid.</marc:subfield>
	</marc:datafield>  
	<marc:datafield ind1=" " ind2=" " tag="599">
        <marc:subfield code="a">Author (text)</marc:subfield>
        <marc:subfield code="b">Proper name</marc:subfield>
        <marc:subfield code="2">By Sir Charles Morell</marc:subfield>
        <marc:subfield code="3">Title Page</marc:subfield>
        <marc:subfield code="5">Male</marc:subfield>
        <marc:subfield code="6">Male</marc:subfield>
    </marc:datafield>
    <marc:datafield ind1=" " ind2=" " tag="599">
        <marc:subfield code="a">Author (paratext)</marc:subfield>
        <marc:subfield code="b">Generic/Descriptive</marc:subfield>
        <marc:subfield code="2">I am, your royal highness's most obedient servant, The editor.</marc:subfield>
        <marc:subfield code="3">Dedication</marc:subfield>
        <marc:subfield code="5">Indeterminate</marc:subfield>
		<marc:subfield code="6">Unknown</marc:subfield>
    </marc:datafield> 
	<marc:datafield ind1=" " ind2=" " tag="599">
		<marc:subfield code="a">Editor (text)</marc:subfield>
		<marc:subfield code="b">Generic/Descriptive</marc:subfield>
		<marc:subfield code="2">I am, your royal highness's most obedient servant, The editor.</marc:subfield>
		<marc:subfield code="3">Dedication</marc:subfield>
		<marc:subfield code="5">Indeterminate</marc:subfield>
		<marc:subfield code="6">Unknown</marc:subfield>
	</marc:datafield>
	<marc:datafield ind1=" " ind2=" " tag="599">
		<marc:subfield code="a">Author (paratext)</marc:subfield>
		<marc:subfield code="b">Generic/Descriptive</marc:subfield>
		<marc:subfield code="2">The editor to the reader.</marc:subfield>
		<marc:subfield code="3">To the Reader</marc:subfield>
		<marc:subfield code="5">Indeterminate</marc:subfield>
		<marc:subfield code="6">Unknown</marc:subfield>
	</marc:datafield>
	<marc:datafield ind1=" " ind2="4" tag="650">
		<marc:subfield code="a">CHR 1797</marc:subfield>
	</marc:datafield>
	<marc:datafield ind1=" " ind2=" " tag="700">
        <marc:subfield code="a">Morell, Charles, Sir</marc:subfield>
        <marc:subfield code="d">1736-1765</marc:subfield>
        <marc:subfield code="4">Author (text)</marc:subfield>
        <marc:subfield code="5">Authorized</marc:subfield>
    </marc:datafield>
    <marc:datafield ind1=" " ind2=" " tag="700">
        <marc:subfield code="a">Cooke, Charles</marc:subfield>
		<marc:subfield code="d">active 1789-1817</marc:subfield>
        <marc:subfield code="4">Printed for</marc:subfield>
        <marc:subfield code="5">Authorized</marc:subfield>
    </marc:datafield>
    <marc:datafield ind1=" " ind2=" " tag="700">
        <marc:subfield code="a">George, Prince of Wales</marc:subfield>
        <marc:subfield code="4">Dedicatee</marc:subfield>
        <marc:subfield code="5">Authorized</marc:subfield>
    </marc:datafield>
	<marc:datafield ind1=" " ind2=" " tag="700">
		<marc:subfield code="a">J. Kirk</marc:subfield>
		<marc:subfield code="4">Author (illustration)</marc:subfield>
		<marc:subfield code="5">Unauthorized</marc:subfield>
	</marc:datafield>
	<marc:datafield ind1=" " ind2=" " tag="700">
		<marc:subfield code="a">W. Grainger</marc:subfield>
		<marc:subfield code="4">Author (illustration)</marc:subfield>
		<marc:subfield code="5">Unauthorized</marc:subfield>
	</marc:datafield>
	<marc:datafield ind1="0" ind2="1" tag="740">
		<marc:subfield code="a">Delightful lessons of Horam, the son of Asmar.</marc:subfield>
	</marc:datafield>
	<marc:datafield ind1="2" ind2=" " tag="710">
		<marc:subfield code="a">Early Novels</marc:subfield>
		<marc:subfield code="5">University of Pennsylvania</marc:subfield>
	</marc:datafield>
	<marc:datafield ind1="2" ind2=" " tag="710">
		<marc:subfield code="a">Collection of British and American Fiction, 1660-1830 (University of Pennsylvania)</marc:subfield>
		<marc:subfield code="5">PU</marc:subfield>
	</marc:datafield>
	<marc:datafield ind1=" " ind2=" " tag="950">
		<marc:subfield code="l">RBC</marc:subfield>
		<marc:subfield code="e">\\Singer-\Menden-\hall\</marc:subfield>
		<marc:subfield code="v">2 v.</marc:subfield>
		<marc:subfield code="i">03/17/87 C</marc:subfield>
	</marc:datafield>
	<marc:datafield ind1=" " ind2=" " tag="955">
		<marc:subfield code="l">RBC</marc:subfield>
		<marc:subfield code="c">1:(v.1-2)</marc:subfield>
		<marc:subfield code="q">725405-06</marc:subfield>
		<marc:subfield code="s">Singer Mem.</marc:subfield>
		<marc:subfield code="i">03/17/87 C</marc:subfield>
	</marc:datafield>
	<marc:datafield ind1=" " ind2=" " tag="989"> 
        <marc:subfield code="2">Tale</marc:subfield>
        <marc:subfield code="2">Genie</marc:subfield>
        <marc:subfield code="2">Lesson</marc:subfield>
        <marc:subfield code="2">Son</marc:subfield>
		<marc:subfield code="2">Manuscript</marc:subfield>
        <marc:subfield code="2">Edition</marc:subfield>
		<marc:subfield code="2">Sir</marc:subfield>
        <marc:subfield code="2">Mogul</marc:subfield>
        <marc:subfield code="2">Ambassador</marc:subfield>
        <marc:subfield code="2">Settlement</marc:subfield>
        <marc:subfield code="2">Engraving</marc:subfield>
        <marc:subfield code="3">Delightful</marc:subfield>
		<marc:subfield code="3">Persian</marc:subfield>
        <marc:subfield code="3">French</marc:subfield>
        <marc:subfield code="3">Spanish</marc:subfield>
        <marc:subfield code="3">Formerly</marc:subfield>
        <marc:subfield code="3">Great</marc:subfield>
        <marc:subfield code="3">Superb</marc:subfield>
        <marc:subfield code="3">British</marc:subfield>
        <marc:subfield code="4">Paris</marc:subfield>
        <marc:subfield code="4">Madrid</marc:subfield>
        <marc:subfield code="4">India</marc:subfield>
        <marc:subfield code="5">Horam</marc:subfield>
        <marc:subfield code="5">Asmar</marc:subfield>
        <marc:subfield code="5">Sir Charles Morell</marc:subfield>
		<marc:subfield code="5">Cooke</marc:subfield>
        <marc:subfield code="6">Translate</marc:subfield>
		<marc:subfield code="6">Publish</marc:subfield>
        <marc:subfield code="6">Compare</marc:subfield>
        <marc:subfield code="6">Embellish</marc:subfield>
        <marc:subfield code="8">Faithfully</marc:subfield>
    </marc:datafield>
    <marc:datafield ind1=" " ind2=" " tag="999">
		<marc:subfield code="a">IC</marc:subfield>
		<marc:subfield code="b">7/25/18</marc:subfield>
		<marc:subfield code="c">University of Pennsylvania</marc:subfield>
		<marc:subfield code="d">SH</marc:subfield>
	</marc:datafield>
</marc:record>