
	<marc:record>
	<marc:leader>02818cam a2200517Ia 4500</marc:leader>
	<marc:controlfield tag="005">20161208180214.0</marc:controlfield>
	<marc:controlfield tag="008">940511s1797    nyuaf         000 0 eng d</marc:controlfield>
	<marc:controlfield tag="001">9972511353503681</marc:controlfield>
	<marc:datafield ind1=" " ind2=" " tag="035">
		<marc:subfield code="a">(OCoLC)ocm30416638</marc:subfield>
	</marc:datafield>
	<marc:datafield ind1=" " ind2=" " tag="035">
		<marc:subfield code="a">(OCoLC)30416638</marc:subfield>
	</marc:datafield>
	<marc:datafield ind1=" " ind2=" " tag="035">
		<marc:subfield code="a">(PU)7251135-penndb-Voyager</marc:subfield>
	</marc:datafield>
	<marc:datafield ind1=" " ind2=" " tag="040">
		<marc:subfield code="a">VWM</marc:subfield>
		<marc:subfield code="b">eng</marc:subfield>
		<marc:subfield code="c">VWM</marc:subfield>
		<marc:subfield code="d">OCLCQ</marc:subfield>
		<marc:subfield code="d">OCLCO</marc:subfield>
		<marc:subfield code="d">OCLCQ</marc:subfield>
		<marc:subfield code="e">dcrmb</marc:subfield>
	</marc:datafield>
	<marc:datafield ind1=" " ind2="4" tag="050">
		<marc:subfield code="a">PS991</marc:subfield>
		<marc:subfield code="b">.L38</marc:subfield>
	</marc:datafield>
	<marc:datafield ind1=" " ind2=" " tag="049">
		<marc:subfield code="a">PAUU</marc:subfield>
	</marc:datafield>
	<marc:datafield ind1="1" ind2=" " tag="100">
		<marc:subfield code="a">James, William.</marc:subfield>
	</marc:datafield>
	<marc:datafield ind1="1" ind2="4" tag="245">
		<marc:subfield code="a">The letters of Charlotte, during her connexion with Werter.</marc:subfield>
	</marc:datafield>

	<marc:datafield ind1=" " ind2=" " tag="246" >
        <marc:subfield code="a">The Letters of Charlotte.</marc:subfield>
        <marc:subfield code="d">Letter-press</marc:subfield>
        <marc:subfield code="g">Half</marc:subfield>
        <marc:subfield code="x">Work</marc:subfield>
    </marc:datafield>
    <marc:datafield ind1=" " ind2=" " tag="246" >
        <marc:subfield code="a">The Letters of Charlotte, During her Connexion with Werter. Vol. I.</marc:subfield>
        <marc:subfield code="d">Letter-press</marc:subfield>
        <marc:subfield code="g">Full</marc:subfield>
        <marc:subfield code="x">Volume</marc:subfield>
        <marc:subfield code="v">v.1</marc:subfield>
    </marc:datafield>
    <marc:datafield ind1=" " ind2=" " tag="246" >
        <marc:subfield code="a">The Letters of Charlotte, During her Connexion with Werter. Vol. II.</marc:subfield>
        <marc:subfield code="d">Letter-press</marc:subfield>
        <marc:subfield code="g">Full</marc:subfield>
        <marc:subfield code="x">Volume</marc:subfield>
        <marc:subfield code="v">v.2</marc:subfield>
    </marc:datafield>
	<marc:datafield ind1="0" ind2=" " tag="260">
		<marc:subfield code="a">New York</marc:subfield>
		<marc:subfield code="b">Printed by William A. Davis, for Naphtali Judah, bookseller and stationer, No. 87, Water-street.</marc:subfield>
		<marc:subfield code="c">1797</marc:subfield>
		<marc:subfield code="c">1797.</marc:subfield>
	</marc:datafield>
	<marc:datafield ind1="0" ind2=" " tag="261">
		<marc:subfield code="b">Printed by William A. Davis</marc:subfield>
        <marc:subfield code="f">William A. Davis</marc:subfield>
        <marc:subfield code="v">v.1</marc:subfield>
        <marc:subfield code="v">v.2</marc:subfield>
    </marc:datafield>
	<marc:datafield ind1=" " ind2=" " tag="300">
		<marc:subfield code="a">2 volumes (xii, [1], 14-240 pages, [1] leaf of plates) :</marc:subfield>
		<marc:subfield code="b">illustrations ;</marc:subfield>
		<marc:subfield code="c">17 cm (12mo)</marc:subfield>
		<marc:subfield code="x">Duodecimo</marc:subfield>
	</marc:datafield>
	<marc:datafield ind1=" " ind2=" " tag="336">
		<marc:subfield code="a">text</marc:subfield>
		<marc:subfield code="b">txt</marc:subfield>
		<marc:subfield code="2">rdacontent</marc:subfield>
	</marc:datafield>
	<marc:datafield ind1=" " ind2=" " tag="337">
		<marc:subfield code="a">unmediated</marc:subfield>
		<marc:subfield code="b">n</marc:subfield>
		<marc:subfield code="2">rdamedia</marc:subfield>
	</marc:datafield>
	<marc:datafield ind1=" " ind2=" " tag="338">
		<marc:subfield code="a">volume</marc:subfield>
		<marc:subfield code="b">nc</marc:subfield>
		<marc:subfield code="2">rdacarrier</marc:subfield>
	</marc:datafield>
	<marc:datafield ind1=" " ind2=" " tag="500">
		<marc:subfield code="a">Three variants with different imprints title pages recorded in ESTC.</marc:subfield>
	</marc:datafield>
	<marc:datafield ind1=" " ind2=" " tag="500">
		<marc:subfield code="a">Written in imitation of Goethe's Sorrows of Werter, and intended to counter the dangerous ideas of that work. Attributed to William James on the basis of a letter, now part of the Speck Collection of Goetheana at Yale University, from James to the London publisher Cadell.</marc:subfield>
	</marc:datafield>
	<marc:datafield ind1=" " ind2=" " tag="500">
		<marc:subfield code="a">Authorship according to Evans and Bristol.</marc:subfield>
	</marc:datafield>
	<marc:datafield ind1=" " ind2=" " tag="500">
		<marc:subfield code="a">Signatures: v.1: A-K (K6 blank); v.2: A-K.</marc:subfield>
	</marc:datafield>
	<marc:datafield ind1=" " ind2=" " tag="500">
		<marc:subfield code="a">Imprint v.2 records publisher's name as: Naphtali Judah.</marc:subfield>
	</marc:datafield>
	<marc:datafield ind1=" " ind2=" " tag="500">
		<marc:subfield code="a">Frontispiece engraved by John Scoles.</marc:subfield>
	</marc:datafield>
	<marc:datafield ind1=" " ind2=" " tag="500">
		<marc:subfield code="a">Originally published London, 1786.</marc:subfield>
	</marc:datafield>
	<marc:datafield ind1=" " ind2=" " tag="500">
		<marc:subfield code="a">Two volumes in one, published together, with continuous paging, but separate signatures.</marc:subfield>
	</marc:datafield>
	<marc:datafield ind1=" " ind2=" " tag="500">
		<marc:subfield code="a">Three variants with different publishers' names on title pages recorded in ESTC.</marc:subfield>
	</marc:datafield>
	<marc:datafield ind1=" " ind2=" " tag="500">
		<marc:subfield code="a">The third leaf of each gathering is signed as leaf 2.</marc:subfield>
	</marc:datafield>
	<marc:datafield ind1=" " ind2=" " tag="500">
		<marc:subfield code="a">Volume 1 includes p. [i]-xii, [13]-120; v.2 includes p. [121]-240.</marc:subfield>
	</marc:datafield>
	<marc:datafield ind1=" " ind2=" " tag="500">
		<marc:subfield code="a">Transcription of caption on frontispiece: Charlotte at the tomb or Werter</marc:subfield>
	</marc:datafield>
	<marc:datafield ind1="4" ind2=" " tag="510">
		<marc:subfield code="a">Evans, C. American bibliography,</marc:subfield>
		<marc:subfield code="c">32313</marc:subfield>
	</marc:datafield>
	<marc:datafield ind1="4" ind2=" " tag="510">
		<marc:subfield code="a">Bristol, R.P. Supplement to Charles Evans' American bibliography,</marc:subfield>
		<marc:subfield code="c">B9982</marc:subfield>
	</marc:datafield>
	<marc:datafield ind1="4" ind2=" " tag="510">
		<marc:subfield code="a">Shipton, C.K. National index of American imprints through 1800,</marc:subfield>
		<marc:subfield code="c">48167</marc:subfield>
	</marc:datafield>
	<marc:datafield ind1="4" ind2=" " tag="510">
		<marc:subfield code="a">English short title catalogue,</marc:subfield>
		<marc:subfield code="c">W13556</marc:subfield>
	</marc:datafield>
	<marc:datafield ind1=" " ind2=" " tag="520" >
        <marc:subfield code="a">Preface</marc:subfield>
        <marc:subfield code="b">The Editor's Preface</marc:subfield>
        <marc:subfield code="c">Front</marc:subfield>
        <marc:subfield code="v">v.1</marc:subfield>
        <marc:subfield code="x">Transcription of first sentence: I am happy that in presenting the following letters to the public, I am not exhibiting scenes, or communicating opinions, that can wound delicacy, or pervert sentiment.</marc:subfield>     
   	</marc:datafield>
   	<marc:datafield ind1=" " ind2=" " tag="520" >
        <marc:subfield code="a">Footnotes</marc:subfield>
        <marc:subfield code="c">Middle</marc:subfield>
        <marc:subfield code="v">v.1</marc:subfield>
        <marc:subfield code="x">On pages: vii-ix, 13, 34, 41, 44, 48, 58, 65-66, 68, 74, 78, 88, 109.</marc:subfield>     
   	</marc:datafield>
   	<marc:datafield ind1=" " ind2=" " tag="520" >
        <marc:subfield code="a">Footnotes</marc:subfield>
        <marc:subfield code="c">Middle</marc:subfield>
        <marc:subfield code="v">v.2</marc:subfield>
        <marc:subfield code="x">On pages: 137, 153, 164, 167, 169, 176, 178, 188, 192, 222.</marc:subfield>     
   	</marc:datafield>
	<marc:datafield ind1=" " ind2=" " tag="590">
		<marc:subfield code="a">Singer-Mendenhall copy acquired in 2016 from Reader's Corner, Inc.</marc:subfield>
	</marc:datafield>
	<marc:datafield ind1=" " ind2=" " tag="590">
		<marc:subfield code="a">Singer-Mendenhall copy with ms inscription:  George Gerrard, his book after perusal,  return. Remember well and bear in mind ...</marc:subfield>
	</marc:datafield>
	<marc:datafield ind1=" " ind2=" " tag="592">
        <marc:subfield code="a">Epistolary</marc:subfield>
        <marc:subfield code="b">First-person</marc:subfield>
    </marc:datafield>
    <marc:datafield ind1=" " ind2=" " tag="594">
        <marc:subfield code="a">[Larry F. Ornell?]</marc:subfield>
        <marc:subfield code="b">Ink</marc:subfield>
        <marc:subfield code="x">On front free endpaper</marc:subfield>
    </marc:datafield>
    <marc:datafield ind1=" " ind2=" " tag="594">
        <marc:subfield code="a">Henry Vell</marc:subfield>
        <marc:subfield code="b">Ink</marc:subfield>
        <marc:subfield code="x">On front free endpaper</marc:subfield>
    </marc:datafield>
    <marc:datafield ind1=" " ind2=" " tag="595">
        <marc:subfield code="a">Ink</marc:subfield>
        <marc:subfield code="b">Reader Markings</marc:subfield>
        <marc:subfield code="x">Transcription of marking on front free endpaper: March the 25th 1821</marc:subfield>
	</marc:datafield>
	<marc:datafield ind1=" " ind2=" " tag="595">
        <marc:subfield code="a">Pencil</marc:subfield>
        <marc:subfield code="b">Reader Markings</marc:subfield>
        <marc:subfield code="x">Transcription on after endpaper: George [Gerrere?] his book after personal return Remember well and bear in mind a trusty friend friend is hard to find When you get one guest and there never henge him for a new.</marc:subfield>
	</marc:datafield>	
	<marc:datafield ind1=" " ind2=" " tag="595">
        <marc:subfield code="a">Pencil</marc:subfield>
        <marc:subfield code="b">Reader Markings</marc:subfield>
        <marc:subfield code="x">Transcription on title page, some words washed out: [illegible]</marc:subfield>
	</marc:datafield>
	<marc:datafield ind1=" " ind2=" " tag="595">
        <marc:subfield code="a">Pencil</marc:subfield>
        <marc:subfield code="b">Reader Markings</marc:subfield>
        <marc:subfield code="x">Transcription of writing on the recto of first page: [illegible]</marc:subfield>
	</marc:datafield>
    <marc:datafield ind1=" " ind2=" " tag="599">
        <marc:subfield code="a">Author (paratext)</marc:subfield>
        <marc:subfield code="b">Generic/Descriptive</marc:subfield>
        <marc:subfield code="2">Regardless of my fate as an Editor, I solicit protection and indulgence only for Charlotte.</marc:subfield>
        <marc:subfield code="3">Title Page</marc:subfield>
        <marc:subfield code="5">Indeterminate</marc:subfield>
    </marc:datafield> 
	<marc:datafield ind1=" " ind2="4" tag="650">
		<marc:subfield code="a">CHR 1797</marc:subfield>
	</marc:datafield>
	<marc:datafield ind1=" " ind2="4" tag="650">
		<marc:subfield code="a">PRO Gerrard, George (inscription) (Singer-Mendenhall copy)</marc:subfield>
	</marc:datafield>
	<marc:datafield ind1="1" ind2=" " tag="700">
		<marc:subfield code="a">Judah, Naphtali,</marc:subfield>
		<marc:subfield code="d">1773?-1855,</marc:subfield>
	</marc:datafield>
	<marc:datafield ind1="1" ind2=" " tag="700">
		<marc:subfield code="a">Scoles, John,</marc:subfield>
		<marc:subfield code="d">1772?-1853,</marc:subfield>
	</marc:datafield>
	<marc:datafield ind1="1" ind2=" " tag="700">
		<marc:subfield code="a">Davis, William</marc:subfield>
	</marc:datafield>
	<marc:datafield ind1="1" ind2=" " tag="700">
		<marc:subfield code="a">Goethe, Johann Wolfgang von,</marc:subfield>
		<marc:subfield code="d">1749-1832.</marc:subfield>
	</marc:datafield>
	<marc:datafield ind1="1" ind2=" " tag="700">
		<marc:subfield code="a">Goethe, Johann Wolfgang von,</marc:subfield>
		<marc:subfield code="d">1749-1832.</marc:subfield>
	</marc:datafield>
    <marc:datafield ind1=" " ind2=" " tag="700">
        <marc:subfield code="a">Davis, William A.</marc:subfield>
        <marc:subfield code="4">Printed by</marc:subfield>
        <marc:subfield code="5">Unauthorized</marc:subfield>
    </marc:datafield> 
    <marc:datafield ind1=" " ind2=" " tag="700">
        <marc:subfield code="a">William James</marc:subfield>
        <marc:subfield code="4">Inscribed by</marc:subfield>
        <marc:subfield code="5">Unauthorized</marc:subfield>
    </marc:datafield>   
	<marc:datafield ind1="2" ind2=" " tag="710">
        <marc:subfield code="a">Early Novels</marc:subfield>
        <marc:subfield code="5">University of Pennsylvania</marc:subfield>
    </marc:datafield>
	<marc:datafield ind1="2" ind2=" " tag="710">
		<marc:subfield code="a">Collection of British and American Fiction, 1660-1830 (University of Pennsylvania)</marc:subfield>
		<marc:subfield code="5">PU</marc:subfield>
	</marc:datafield>
	<marc:datafield ind1=" " ind2=" " tag="752">
		<marc:subfield code="a">United States</marc:subfield>
		<marc:subfield code="b">New York</marc:subfield>
		<marc:subfield code="d">New York.</marc:subfield>
	</marc:datafield>
	<marc:datafield ind1=" " ind2=" " tag="994">
		<marc:subfield code="a">C0</marc:subfield>
		<marc:subfield code="b">PAU</marc:subfield>
	</marc:datafield>
	<marc:datafield ind1=" " ind2=" " tag="989"> 
        <marc:subfield code="2">Connexion</marc:subfield>
        <marc:subfield code="5">Charlotte</marc:subfield>
        <marc:subfield code="5">Werter</marc:subfield>
        <marc:subfield code="7">Letters</marc:subfield>
    </marc:datafield>
    <marc:datafield ind1=" " ind2=" " tag="999">
		<marc:subfield code="a">IC</marc:subfield>
		<marc:subfield code="b">7/25/18</marc:subfield>
		<marc:subfield code="c">University of Pennsylvania</marc:subfield>
		<marc:subfield code="d">OF</marc:subfield>
	</marc:datafield>
</marc:record>