
	<marc:record>
	<marc:leader>01410cam a2200337 a 4500</marc:leader>
	<marc:controlfield tag="005">20141119154538.0</marc:controlfield>
	<marc:controlfield tag="008">870202s1797    pau           00010 eng d</marc:controlfield>
	<marc:controlfield tag="001">99735943503681</marc:controlfield>
	<marc:datafield ind1=" " ind2=" " tag="035">
		<marc:subfield code="a">(OCoLC)ocm18667564</marc:subfield>
	</marc:datafield>
	<marc:datafield ind1=" " ind2=" " tag="035">
		<marc:subfield code="a">(OCoLC)18667564</marc:subfield>
	</marc:datafield>
	<marc:datafield ind1=" " ind2=" " tag="035">
		<marc:subfield code="a">(CStRLIN)PAUG87-B2777</marc:subfield>
	</marc:datafield>
	<marc:datafield ind1=" " ind2=" " tag="035">
		<marc:subfield code="a">(CaOTULAS)185131059</marc:subfield>
	</marc:datafield>
	<marc:datafield ind1=" " ind2=" " tag="035">
		<marc:subfield code="9">AAJ3670</marc:subfield>
	</marc:datafield>
	<marc:datafield ind1=" " ind2=" " tag="035">
		<marc:subfield code="a">73594</marc:subfield>
	</marc:datafield>
	<marc:datafield ind1=" " ind2=" " tag="035">
		<marc:subfield code="a">(PU)73594-penndb-Voyager</marc:subfield>
	</marc:datafield>
	<marc:datafield ind1=" " ind2=" " tag="040">
		<marc:subfield code="a">CSt</marc:subfield>
		<marc:subfield code="c">CSt</marc:subfield>
		<marc:subfield code="d">PU</marc:subfield>
	</marc:datafield>
	<marc:datafield ind1="1" ind2=" " tag="041">
		<marc:subfield code="a">engfre</marc:subfield>
		<marc:subfield code="h">fre</marc:subfield>
	</marc:datafield>
	<marc:datafield ind1=" " ind2=" " tag="090">
		<marc:subfield code="a">PQ1795.T5</marc:subfield>
		<marc:subfield code="b">E5 1797b</marc:subfield>
		<marc:subfield code="i">02/02/87 CT</marc:subfield>
	</marc:datafield>
	<marc:datafield ind1="1" ind2="0" tag="100">
		<marc:subfield code="a">Fenelon, Francois de Salignac de La Mothe-,</marc:subfield>
		<marc:subfield code="d">1651-1715.</marc:subfield>
	</marc:datafield>
	<marc:datafield ind1="1" ind2="0" tag="240">
		<marc:subfield code="a">Aventures de Telemaque.</marc:subfield>
		<marc:subfield code="l">English &amp; French</marc:subfield>
	</marc:datafield>
	<marc:datafield ind1="1" ind2="4" tag="245">
		<marc:subfield code="a">The adventures of Telemachus, the son of Ulysses /</marc:subfield>
		<marc:subfield code="c">by the Archbishop of Cambray : in French and English : the original carefully compared with the best French editions, and revised and corrected by Joseph Nancrede ...</marc:subfield>
	</marc:datafield>
	<marc:datafield ind1=" " ind2=" " tag="246" >
        <marc:subfield code="a">The adventures of Telemachus, the son of Ulysses. By the Archbishop of Cambray. In French and English. The original carefully compared with the best French editions, and revised and corrected by Joseph Nancrede, French instructor in the University of Cambridge. Vol. I.</marc:subfield>
        <marc:subfield code="d">Letter-press</marc:subfield>
        <marc:subfield code="g">Full</marc:subfield>
        <marc:subfield code="x">Volume</marc:subfield>
        <marc:subfield code="v">v.1</marc:subfield>
    </marc:datafield>
    <marc:datafield ind1="0" ind2="7" tag="246" >
        <marc:subfield code="a">Telemachus.</marc:subfield>
    </marc:datafield>
    <marc:datafield ind1="0" ind2="7" tag="246" >
        <marc:subfield code="a">Telemachus. (verso)</marc:subfield>
        <marc:subfield code="a">Telemachus. (recto)</marc:subfield>
    </marc:datafield>
	<marc:datafield ind1=" " ind2=" " tag="260">
		<marc:subfield code="a">Philadelphia</marc:subfield>
		<marc:subfield code="b">Printed for G. Decombaz, No. 48, North Third Street.</marc:subfield>
		<marc:subfield code="c">1797.</marc:subfield>
		<marc:subfield code="c">1797</marc:subfield>
	</marc:datafield>
	<marc:datafield ind1=" " ind2=" " tag="300">
		<marc:subfield code="a">2 v. ;</marc:subfield>
		<marc:subfield code="c">18 cm. (12mo)</marc:subfield>
		<marc:subfield code="x">Duodecimo</marc:subfield>
	</marc:datafield>
	<marc:datafield ind1=" " ind2=" " tag="500">
		<marc:subfield code="a">French text of: Les aventures de Telemaque, with English on facing pages.</marc:subfield>
	</marc:datafield>
	<marc:datafield ind1=" " ind2=" " tag="500">
		<marc:subfield code="a">Opposite pages numbered in duplicate.</marc:subfield>
	</marc:datafield>
	<marc:datafield ind1="4" ind2=" " tag="510">
		<marc:subfield code="a">Evans</marc:subfield>
		<marc:subfield code="c">32125</marc:subfield>
	</marc:datafield>
	<marc:datafield ind1=" " ind2=" " tag="520" >
        <marc:subfield code="a">To the Reader</marc:subfield>
        <marc:subfield code="b">To the American youth of both sexes.</marc:subfield>
        <marc:subfield code="c">Front</marc:subfield>
        <marc:subfield code="v">v.1</marc:subfield>
        <marc:subfield code="x">Begins: "The first American edition of Telemachus, the work of the amiable and immortal Fenelon, can be dedicated to none with so much propriety as yourselves."; Signed: "Joseph Nancrede."</marc:subfield>     
   	</marc:datafield>
   	<marc:datafield ind1=" " ind2=" " tag="592">
        <marc:subfield code="a">Third-person</marc:subfield>
    </marc:datafield>
    <marc:datafield ind1=" " ind2=" " tag="595">
        <marc:subfield code="a">Ink</marc:subfield>
        <marc:subfield code="b">Numbers</marc:subfield>
        <marc:subfield code="v">v.1</marc:subfield>
        <marc:subfield code="x">Located on p. 16. Reads: "8".</marc:subfield>
	</marc:datafield>
    <marc:datafield ind1=" " ind2=" " tag="596">
        <marc:subfield code="a">Translation</marc:subfield>
        <marc:subfield code="b">Title Page</marc:subfield>
        <marc:subfield code="c">French</marc:subfield>
        <marc:subfield code="e">The original carefully compared with the best French editions</marc:subfield>
	</marc:datafield>  
    <marc:datafield ind1=" " ind2=" " tag="599">
        <marc:subfield code="a">Author (text)</marc:subfield>
        <marc:subfield code="b">Generic/Descriptive</marc:subfield>
        <marc:subfield code="2">By the Archbishop of Cambray</marc:subfield>
        <marc:subfield code="3">Title Page</marc:subfield>
        <marc:subfield code="5">Male</marc:subfield>
        <marc:subfield code="6">Male</marc:subfield>
        <marc:subfield code="v">v.1</marc:subfield>
    </marc:datafield>     
    <marc:datafield ind1=" " ind2=" " tag="599">
        <marc:subfield code="a">Author (text)</marc:subfield>
        <marc:subfield code="b">Proper name</marc:subfield>
        <marc:subfield code="2">the work of the amiable and immortal Fenelon</marc:subfield>
        <marc:subfield code="3">Dedication</marc:subfield>
        <marc:subfield code="5">Male</marc:subfield>
        <marc:subfield code="6">Male</marc:subfield>
        <marc:subfield code="v">v.1</marc:subfield>
    </marc:datafield>    
    <marc:datafield ind1=" " ind2=" " tag="599">
        <marc:subfield code="a">Translator (text)</marc:subfield>
        <marc:subfield code="b">Proper name</marc:subfield>
        <marc:subfield code="2">Revised and corrected by Joseph Nancrede, French instructor in the University of Cambridge.</marc:subfield>
        <marc:subfield code="3">Dedication</marc:subfield>
        <marc:subfield code="5">Male</marc:subfield>
        <marc:subfield code="6">Male</marc:subfield>
        <marc:subfield code="v">v.1</marc:subfield>
    </marc:datafield> 
	<marc:datafield ind1=" " ind2=" " tag="590">
		<marc:subfield code="a">Imperfect: v. 2 wanting.</marc:subfield>
	</marc:datafield>
	<marc:datafield ind1=" " ind2="4" tag="650">
		<marc:subfield code="a">CHR 1797</marc:subfield>
	</marc:datafield>
	<marc:datafield ind1="1" ind2=" " tag="700">
		<marc:subfield code="a">Nancrede, Paul Joseph Guerard de,</marc:subfield>
		<marc:subfield code="d">1760-1841.</marc:subfield>
	</marc:datafield>
	<marc:datafield ind1=" " ind2=" " tag="700">
        <marc:subfield code="a">Fnelon, Franois de Salignac de la Mothe</marc:subfield>
        <marc:subfield code="d">1651-1715</marc:subfield>
        <marc:subfield code="4">Author (text)</marc:subfield>
        <marc:subfield code="5">Authorized</marc:subfield>
    </marc:datafield>
    <marc:datafield ind1=" " ind2=" " tag="700">
        <marc:subfield code="a">Nancrede, Joseph</marc:subfield>
        <marc:subfield code="d">1761-1841</marc:subfield>
        <marc:subfield code="4">Translator (text)</marc:subfield>
        <marc:subfield code="5">Authorized</marc:subfield>
    </marc:datafield>
    <marc:datafield ind1=" " ind2=" " tag="700">
        <marc:subfield code="a">Decombaz, Gabriel</marc:subfield>
        <marc:subfield code="d">-1799</marc:subfield>
        <marc:subfield code="4">Printed For</marc:subfield>
        <marc:subfield code="5">Authorized</marc:subfield>
    </marc:datafield>
	<marc:datafield ind1="2" ind2=" " tag="710">
        <marc:subfield code="a">Early Novels</marc:subfield>
        <marc:subfield code="5">University of Pennsylvania</marc:subfield>
    </marc:datafield>
	<marc:datafield ind1="2" ind2=" " tag="710">
		<marc:subfield code="a">Collection of British and American Fiction, 1660-1830 (University of Pennsylvania)</marc:subfield>
		<marc:subfield code="5">PU</marc:subfield>
	</marc:datafield>
	<marc:datafield ind1=" " ind2=" " tag="950">
		<marc:subfield code="l">RBC</marc:subfield>
		<marc:subfield code="v">v.1</marc:subfield>
		<marc:subfield code="i">02/02/87 C</marc:subfield>
	</marc:datafield>
	<marc:datafield ind1=" " ind2=" " tag="955">
		<marc:subfield code="l">RBC</marc:subfield>
		<marc:subfield code="c">1:v.1</marc:subfield>
		<marc:subfield code="q">g. Free Lib. of Phila.</marc:subfield>
		<marc:subfield code="i">02/02/87 C</marc:subfield>
	</marc:datafield>
	<marc:datafield ind1=" " ind2=" " tag="989"> 
        <marc:subfield code="2">Adventure</marc:subfield>
        <marc:subfield code="2">Son</marc:subfield>
        <marc:subfield code="2">Archbishop</marc:subfield>
        <marc:subfield code="2">French</marc:subfield>
        <marc:subfield code="2">English</marc:subfield>
        <marc:subfield code="2">Original</marc:subfield>
        <marc:subfield code="2">Instructor</marc:subfield>
        <marc:subfield code="2">University</marc:subfield>
        <marc:subfield code="3">Best</marc:subfield>
        <marc:subfield code="4">Cambray</marc:subfield>
        <marc:subfield code="4">Cambridge</marc:subfield>
        <marc:subfield code="5">Telemachus</marc:subfield>
        <marc:subfield code="5">Ulysses</marc:subfield>
        <marc:subfield code="5">Joseph Nancrede</marc:subfield>
        <marc:subfield code="6">Compare</marc:subfield>
        <marc:subfield code="6">Revise</marc:subfield>
        <marc:subfield code="6">Correct</marc:subfield>
        <marc:subfield code="8">Carefully</marc:subfield>
    </marc:datafield>
    <marc:datafield ind1=" " ind2=" " tag="999">
		<marc:subfield code="a">IC</marc:subfield>
		<marc:subfield code="b">8/3/18</marc:subfield>
		<marc:subfield code="c">University of Pennsylvania</marc:subfield>
		<marc:subfield code="d">SH</marc:subfield>
	</marc:datafield>
</marc:record>