<marc:record>
	<marc:leader>01443cam a2200349 a 4500</marc:leader>
	<marc:controlfield tag="005">20141119154939.0</marc:controlfield>
	<marc:controlfield tag="008">870213s1798    enk           00000 eng d</marc:controlfield>
	<marc:controlfield tag="001">99745303503681</marc:controlfield>
	<marc:datafield ind1=" " ind2=" " tag="035">
		<marc:subfield code="a">(OCoLC)ocm79535015</marc:subfield>
	</marc:datafield>
	<marc:datafield ind1=" " ind2=" " tag="035">
		<marc:subfield code="a">(OCoLC)79535015</marc:subfield>
	</marc:datafield>
	<marc:datafield ind1=" " ind2=" " tag="035">
		<marc:subfield code="a">(CStRLIN)PAUG87-B3975</marc:subfield>
	</marc:datafield>
	<marc:datafield ind1=" " ind2=" " tag="035">
		<marc:subfield code="a">(CaOTULAS)185138126</marc:subfield>
	</marc:datafield>
	<marc:datafield ind1=" " ind2=" " tag="035">
		<marc:subfield code="9">AAJ4649</marc:subfield>
	</marc:datafield>
	<marc:datafield ind1=" " ind2=" " tag="035">
		<marc:subfield code="a">74530</marc:subfield>
	</marc:datafield>
	<marc:datafield ind1=" " ind2=" " tag="035">
		<marc:subfield code="a">(PU)74530-penndb-Voyager</marc:subfield>
	</marc:datafield>
	<marc:datafield ind1=" " ind2=" " tag="035">
		<marc:subfield code="a">(PennHoldings)92535</marc:subfield>
	</marc:datafield>
	<marc:datafield ind1=" " ind2=" " tag="040">
		<marc:subfield code="a">PU</marc:subfield>
		<marc:subfield code="c">PU</marc:subfield>
	</marc:datafield>
	<marc:datafield ind1=" " ind2=" " tag="090">
		<marc:subfield code="a">PR4793.H75</marc:subfield>
		<marc:subfield code="b">C3 1798</marc:subfield>
		<marc:subfield code="i">02/17/87 CT</marc:subfield>
	</marc:datafield>
	<marc:datafield ind1="1" ind2="0" tag="100">
		<marc:subfield code="a">Holford,</marc:subfield>
		<marc:subfield code="c">Mrs.</marc:subfield>
		<marc:subfield code="q">(Margaret),</marc:subfield>
		<marc:subfield code="d">d. 1834.</marc:subfield>
	</marc:datafield>
	<marc:datafield ind1="1" ind2="0" tag="245">
		<marc:subfield code="a">Calaf :</marc:subfield>
		<marc:subfield code="b">a Persian tale : in two volumes.</marc:subfield>
	</marc:datafield>
	<marc:datafield ind1=" " ind2=" " tag="246" >
        <marc:subfield code="a">Calaf; a Persian tale. In two volumes. Vol. I.</marc:subfield>
        <marc:subfield code="d">Letter-press</marc:subfield>
        <marc:subfield code="g">Full</marc:subfield>
        <marc:subfield code="x">Volume</marc:subfield>
        <marc:subfield code="v">v.1</marc:subfield>
    </marc:datafield>
    <marc:datafield ind1=" " ind2=" " tag="246" >
        <marc:subfield code="a">Calaf; a Persian tale. In two volumes. Vol. II.</marc:subfield>
        <marc:subfield code="d">Letter-press</marc:subfield>
        <marc:subfield code="g">Full</marc:subfield>
        <marc:subfield code="x">Volume</marc:subfield>
        <marc:subfield code="v">v.2</marc:subfield>
    </marc:datafield>
	<marc:datafield ind1="0" ind2=" " tag="260">
		<marc:subfield code="a">London</marc:subfield>
		<marc:subfield code="b">Printed for Hookham and Carpenter, Old Bond Street.</marc:subfield>
		<marc:subfield code="c">1798.</marc:subfield>
		<marc:subfield code="c">1798</marc:subfield>
	</marc:datafield>
	<marc:datafield ind1=" " ind2=" " tag="300">
		<marc:subfield code="a">2 v. ;</marc:subfield>
		<marc:subfield code="c">17 cm. (12mo)</marc:subfield>
		<marc:subfield code="x">Duodecimo</marc:subfield>
		<marc:subfield code="z">In two volumes</marc:subfield>
	</marc:datafield>
	<marc:datafield ind1=" " ind2=" " tag="500">
		<marc:subfield code="a">Second edition (1800) published by the Minerva Press reads 'by M. Holford', i.e. Mrs. Margaret Holford; not to be confused with her daughter Miss Holford (later Mrs. Hodson).  Cf. Blakey, D. Minerva Press, p. 192; BM.</marc:subfield>
	</marc:datafield>
	<marc:datafield ind1=" " ind2=" " tag="500">
		<marc:subfield code="a">Advertisements: v. 2, final page.</marc:subfield>
	</marc:datafield>
	<marc:datafield ind1="4" ind2=" " tag="510">
		<marc:subfield code="a">Blakey, D. Minerva Press</marc:subfield>
		<marc:subfield code="c">p. 192.</marc:subfield>
	</marc:datafield>
	<marc:datafield ind1="4" ind2=" " tag="510">
		<marc:subfield code="a">ESTC (RLIN)</marc:subfield>
		<marc:subfield code="c">T187692</marc:subfield>
	</marc:datafield>
	<marc:datafield ind1="4" ind2=" " tag="510">
		<marc:subfield code="a">Block, A. Engl. novel</marc:subfield>
		<marc:subfield code="c">p. 112</marc:subfield>
	</marc:datafield>
	<marc:datafield ind1="4" ind2=" " tag="510">
		<marc:subfield code="a">English novel, 1770-1829,</marc:subfield>
		<marc:subfield code="c">1798:30</marc:subfield>
	</marc:datafield>
	<marc:datafield ind1=" " ind2=" " tag="520" >
        <marc:subfield code="a">To the Reader</marc:subfield>
        <marc:subfield code="b">To the Reader.</marc:subfield>
        <marc:subfield code="c">Front</marc:subfield>
        <marc:subfield code="v">v.1</marc:subfield>
        <marc:subfield code="x">Begins: "A Preface, of address to the reader, is, perhaps, the most arduous part of an author's talk, and frequently useless as a whole:"; Signed: "A Friend of the Author."</marc:subfield>     
   	</marc:datafield>	
   	<marc:datafield ind1=" " ind2=" " tag="520" >
        <marc:subfield code="a">Footnotes</marc:subfield>
        <marc:subfield code="c">Middle</marc:subfield>
        <marc:subfield code="v">v.1</marc:subfield>
        <marc:subfield code="x">Footnotes on pages: 2, 3, 35, 39, 43, 49, 50, 51, 52, 59, 61, 64, 66, 69, 84, 87, 90, 104, 109, 113, 115, 117, 121, 123, 124, 146, 147, 149, 159, 162, 187, 190, 223.</marc:subfield>     
   	</marc:datafield>
   	<marc:datafield ind1=" " ind2=" " tag="520" >
        <marc:subfield code="a">Footnotes</marc:subfield>
        <marc:subfield code="c">Middle</marc:subfield>
        <marc:subfield code="v">v.2</marc:subfield>
        <marc:subfield code="x">Footnotes on pages: 45, 57, 58, 67, 105, 127, 195.</marc:subfield>     
   	</marc:datafield>
   	<marc:datafield ind1=" " ind2=" " tag="592">
        <marc:subfield code="a">Third-person</marc:subfield>
    </marc:datafield>
    <marc:datafield ind1=" " ind2=" " tag="599">
        <marc:subfield code="a">Author (paratext)</marc:subfield>
        <marc:subfield code="b">Generic/Descriptive</marc:subfield>
        <marc:subfield code="2">A Friend of the Author</marc:subfield>
        <marc:subfield code="3">To the Reader</marc:subfield>
        <marc:subfield code="5">Indeterminate</marc:subfield>
        <marc:subfield code="v">v.1</marc:subfield>
    </marc:datafield>    
	<marc:datafield ind1=" " ind2="7" tag="655">
		<marc:subfield code="a">Booksellers' advertisements</marc:subfield>
		<marc:subfield code="z">England</marc:subfield>
		<marc:subfield code="y">18th century.</marc:subfield>
		<marc:subfield code="2">rbgenr</marc:subfield>
	</marc:datafield>
	<marc:datafield ind1=" " ind2="4" tag="650">
		<marc:subfield code="a">CHR 1798</marc:subfield>
	</marc:datafield>
	<marc:datafield ind1=" " ind2="4" tag="650">
		<marc:subfield code="a">PRO McClelland, George W. (donor)</marc:subfield>
	</marc:datafield>
    <marc:datafield ind1=" " ind2=" " tag="656">
        <marc:subfield code="a">Fiction</marc:subfield>
        <marc:subfield code="b">Back</marc:subfield>
        <marc:subfield code="c">Same publisher</marc:subfield>
        <marc:subfield code="v">v.2</marc:subfield>
    </marc:datafield>
    <marc:datafield ind1=" " ind2=" " tag="710">
        <marc:subfield code="a">Hookham and Carpenter</marc:subfield>
        <marc:subfield code="4">Printed for</marc:subfield>
        <marc:subfield code="5">Authorized</marc:subfield>
    </marc:datafield>         
	<marc:datafield ind1="2" ind2=" " tag="710">
        <marc:subfield code="a">Early Novels</marc:subfield>
        <marc:subfield code="5">University of Pennsylvania</marc:subfield>
    </marc:datafield>
	<marc:datafield ind1="2" ind2=" " tag="710">
		<marc:subfield code="a">Collection of British and American Fiction, 1660-1830 (University of Pennsylvania)</marc:subfield>
		<marc:subfield code="5">PU</marc:subfield>
	</marc:datafield>
	<marc:datafield ind1=" " ind2=" " tag="950">
		<marc:subfield code="l">RBC</marc:subfield>
		<marc:subfield code="v">2 v.</marc:subfield>
		<marc:subfield code="i">02/17/87 C</marc:subfield>
	</marc:datafield>
	<marc:datafield ind1=" " ind2=" " tag="955">
		<marc:subfield code="l">RBC</marc:subfield>
		<marc:subfield code="c">1:(v.1-2)</marc:subfield>
		<marc:subfield code="q">51-749</marc:subfield>
		<marc:subfield code="s">g. George W. McClelland</marc:subfield>
		<marc:subfield code="i">02/17/87 C</marc:subfield>
	</marc:datafield>
	    <marc:datafield ind1=" " ind2=" " tag="989"> 
        <marc:subfield code="2">Tale</marc:subfield>
        <marc:subfield code="3">Persian</marc:subfield>
        <marc:subfield code="3">Two</marc:subfield>
        <marc:subfield code="5">Calaf</marc:subfield>
    </marc:datafield>
    <marc:datafield ind1=" " ind2=" " tag="999">
		<marc:subfield code="a">IC</marc:subfield>
		<marc:subfield code="b">8/3/18</marc:subfield>
		<marc:subfield code="c">University of Pennsylvania</marc:subfield>
		<marc:subfield code="d">AS</marc:subfield>
	</marc:datafield>
</marc:record>