
	<marc:record>
	<marc:leader>01120cam a2200313 a 4500</marc:leader>
	<marc:controlfield tag="005">20141119154954.0</marc:controlfield>
	<marc:controlfield tag="008">870217s1798    enk           00000 eng d</marc:controlfield>
	<marc:controlfield tag="001">99746073503681</marc:controlfield>
	<marc:datafield ind1=" " ind2=" " tag="035">
		<marc:subfield code="a">(OCoLC)ocm79921829</marc:subfield>
	</marc:datafield>
	<marc:datafield ind1=" " ind2=" " tag="035">
		<marc:subfield code="a">(OCoLC)79921829</marc:subfield>
	</marc:datafield>
	<marc:datafield ind1=" " ind2=" " tag="035">
		<marc:subfield code="a">(CStRLIN)PAUG87-B4106</marc:subfield>
	</marc:datafield>
	<marc:datafield ind1=" " ind2=" " tag="035">
		<marc:subfield code="a">(CaOTULAS)185139268</marc:subfield>
	</marc:datafield>
	<marc:datafield ind1=" " ind2=" " tag="035">
		<marc:subfield code="9">AAJ4732</marc:subfield>
	</marc:datafield>
	<marc:datafield ind1=" " ind2=" " tag="035">
		<marc:subfield code="a">74607</marc:subfield>
	</marc:datafield>
	<marc:datafield ind1=" " ind2=" " tag="035">
		<marc:subfield code="a">(PU)74607-penndb-Voyager</marc:subfield>
	</marc:datafield>
	<marc:datafield ind1=" " ind2=" " tag="035">
		<marc:subfield code="a">(PennHoldings)92622</marc:subfield>
	</marc:datafield>
	<marc:datafield ind1=" " ind2=" " tag="040">
		<marc:subfield code="a">PU</marc:subfield>
		<marc:subfield code="c">PU</marc:subfield>
	</marc:datafield>
	<marc:datafield ind1=" " ind2=" " tag="090">
		<marc:subfield code="a">PR3991.A1</marc:subfield>
		<marc:subfield code="b">G47 1798</marc:subfield>
		<marc:subfield code="i">02/19/87 CT</marc:subfield>
	</marc:datafield>
	<marc:datafield ind1="0" ind2="0" tag="245">
		<marc:subfield code="a">Geraldina :</marc:subfield>
		<marc:subfield code="b">a novel founded on a recent event : in two volumes.</marc:subfield>
	</marc:datafield>

	<marc:datafield ind1=" " ind2=" " tag="246" >
        <marc:subfield code="a">Geraldina.</marc:subfield>
        <marc:subfield code="d">Letter-press</marc:subfield>
        <marc:subfield code="g">Half</marc:subfield>
        <marc:subfield code="x">Work</marc:subfield>
        <marc:subfield code="v">v.1</marc:subfield>
    </marc:datafield>
    <marc:datafield ind1=" " ind2=" " tag="246" >
        <marc:subfield code="a">Geraldina. A Novel, Founded on A Recent Event. In Two Volumes. Vol. I.</marc:subfield>
        <marc:subfield code="d">Letter-press</marc:subfield>
        <marc:subfield code="g">Full</marc:subfield>
        <marc:subfield code="x">Volume</marc:subfield>
        <marc:subfield code="v">v.1</marc:subfield>
    </marc:datafield>
    <marc:datafield ind1=" " ind2=" " tag="246" >
        <marc:subfield code="a">Geraldina.</marc:subfield>
        <marc:subfield code="d">Letter-press</marc:subfield>
        <marc:subfield code="g">Half</marc:subfield>
        <marc:subfield code="x">Work</marc:subfield>
        <marc:subfield code="v">v.2</marc:subfield>
    </marc:datafield>
    <marc:datafield ind1=" " ind2=" " tag="246" >
        <marc:subfield code="a">Geraldina. A Novel, Founded on A Recent Event. In Two Volumes. Vol. II.</marc:subfield>
        <marc:subfield code="d">Letter-press</marc:subfield>
        <marc:subfield code="g">Full</marc:subfield>
        <marc:subfield code="x">Volume</marc:subfield>
        <marc:subfield code="v">v.2</marc:subfield>
    </marc:datafield>

    <marc:datafield ind1="0" ind2="0" tag="246" >
        <marc:subfield code="a">Geraldina, A Novel.</marc:subfield>
    </marc:datafield>
    <marc:datafield ind1="0" ind2="7" tag="246" >
        <marc:subfield code="a">Geraldina, (verso)</marc:subfield>
        <marc:subfield code="a">A Novel. (recto)</marc:subfield>
    </marc:datafield>

	<marc:datafield ind1="0" ind2=" " tag="260">
		<marc:subfield code="a">London</marc:subfield>
		<marc:subfield code="b">Printed for G. G. and J. Robinson, Paternoster-Row.</marc:subfield>
		<marc:subfield code="c">1798.</marc:subfield>
		<marc:subfield code="c">1798</marc:subfield>
	</marc:datafield>

	<marc:datafield ind1=" " ind2=" " tag="300">
		<marc:subfield code="a">2 v. ;</marc:subfield>
		<marc:subfield code="c">18 cm. (12mo)</marc:subfield>
		<marc:subfield code="x">Duodecimo</marc:subfield>
		<marc:subfield code="z">In Two Volumes</marc:subfield>
	</marc:datafield>

	<marc:datafield ind1=" " ind2=" " tag="500">
		<marc:subfield code="a">An epistolary novel.</marc:subfield>
	</marc:datafield>

	<marc:datafield ind1="4" ind2=" " tag="510">
		<marc:subfield code="a">Black, F.G.  Epistolary novel</marc:subfield>
		<marc:subfield code="c">134</marc:subfield>
	</marc:datafield>
	<marc:datafield ind1="4" ind2=" " tag="510">
		<marc:subfield code="a">ESTC (RLIN)</marc:subfield>
		<marc:subfield code="c">N7149</marc:subfield>
	</marc:datafield>
	<marc:datafield ind1="4" ind2=" " tag="510">
		<marc:subfield code="a">English novel, 1770-1829,</marc:subfield>
		<marc:subfield code="c">1798:3</marc:subfield>
	</marc:datafield>
	<marc:datafield ind1="4" ind2=" " tag="510">
		<marc:subfield code="a">Block, A.  Engl. novel</marc:subfield>
		<marc:subfield code="c">p. 83</marc:subfield>
	</marc:datafield>

	<marc:datafield ind1=" " ind2=" " tag="592">
        <marc:subfield code="a">Epistolary</marc:subfield>
        <marc:subfield code="b">First-person</marc:subfield>
    </marc:datafield>

    <marc:datafield ind1=" " ind2=" " tag="595">
        <marc:subfield code="a">Pencil</marc:subfield>
        <marc:subfield code="b">Words</marc:subfield>
        <marc:subfield code="v">v.1</marc:subfield>
        <marc:subfield code="x">Reader's comments on front paste-down and free endpaper.</marc:subfield>
	</marc:datafield>    
	<marc:datafield ind1=" " ind2=" " tag="595">
        <marc:subfield code="a">Pencil</marc:subfield>
        <marc:subfield code="b">Words</marc:subfield>
        <marc:subfield code="v">v.2</marc:subfield>
        <marc:subfield code="x">Reader's comments on front paste-down and free endpaper.</marc:subfield>
	</marc:datafield>
	
	<marc:datafield ind1=" " ind2="7" tag="655">
		<marc:subfield code="a">Epistolary fiction</marc:subfield>
		<marc:subfield code="z">England</marc:subfield>
		<marc:subfield code="y">18th century.</marc:subfield>
		<marc:subfield code="2">rbgenr</marc:subfield>
	</marc:datafield>
	<marc:datafield ind1=" " ind2="4" tag="650">
		<marc:subfield code="a">CHR 1798</marc:subfield>
	</marc:datafield>

    <marc:datafield ind1=" " ind2=" " tag="710">
        <marc:subfield code="a">G. G. and J. Robinson</marc:subfield>
        <marc:subfield code="4">Printed for</marc:subfield>
        <marc:subfield code="5">Authorized</marc:subfield>
    </marc:datafield>         
	<marc:datafield ind1="2" ind2=" " tag="710">
        <marc:subfield code="a">Early Novels</marc:subfield>
        <marc:subfield code="5">University of Pennsylvania</marc:subfield>
    </marc:datafield>
	<marc:datafield ind1="2" ind2=" " tag="710">
		<marc:subfield code="a">Collection of British and American Fiction, 1660-1830 (University of Pennsylvania)</marc:subfield>
		<marc:subfield code="5">PU</marc:subfield>
	</marc:datafield>
	<marc:datafield ind1=" " ind2=" " tag="950">
		<marc:subfield code="l">RBC</marc:subfield>
		<marc:subfield code="e">\\Singer-\Menden-\hall\</marc:subfield>
		<marc:subfield code="v">2 v.</marc:subfield>
		<marc:subfield code="i">02/19/87 C</marc:subfield>
	</marc:datafield>
	<marc:datafield ind1=" " ind2=" " tag="955">
		<marc:subfield code="l">RBC</marc:subfield>
		<marc:subfield code="c">1:(v.1-2)</marc:subfield>
		<marc:subfield code="q">725839-40</marc:subfield>
		<marc:subfield code="s">Singer Mem.</marc:subfield>
		<marc:subfield code="i">02/19/87 C</marc:subfield>
	</marc:datafield>

	<marc:datafield ind1=" " ind2=" " tag="989"> 
        <marc:subfield code="2">Novel</marc:subfield>
        <marc:subfield code="2">Event</marc:subfield>
        <marc:subfield code="3">Recent</marc:subfield>
        <marc:subfield code="5">Geraldina</marc:subfield>
        <marc:subfield code="6">Found</marc:subfield>
    </marc:datafield>

    <marc:datafield ind1=" " ind2=" " tag="999">
		<marc:subfield code="a">IC</marc:subfield>
		<marc:subfield code="b">8/2/18</marc:subfield>
		<marc:subfield code="c">University of Pennsylvania</marc:subfield>
		<marc:subfield code="d">DPL</marc:subfield>
	</marc:datafield>
</marc:record>