
<marc:record>
	<marc:leader>01355cam a2200373   4500</marc:leader>
	<marc:controlfield tag="005">20141119164331.0</marc:controlfield>
	<marc:controlfield tag="008">861112s1797    enk           00011 eng  </marc:controlfield>
	<marc:controlfield tag="001">99865533503681</marc:controlfield>
	<marc:datafield ind1=" " ind2=" " tag="010">
		<marc:subfield code="a">   39018210 </marc:subfield>
	</marc:datafield>
	<marc:datafield ind1=" " ind2=" " tag="035">
		<marc:subfield code="a">(OCoLC)ocm14195405</marc:subfield>
	</marc:datafield>
	<marc:datafield ind1=" " ind2=" " tag="035">
		<marc:subfield code="a">(OCoLC)14195405</marc:subfield>
	</marc:datafield>
	<marc:datafield ind1=" " ind2=" " tag="035">
		<marc:subfield code="a">(CStRLIN)PAUG86-B48047</marc:subfield>
	</marc:datafield>
	<marc:datafield ind1=" " ind2=" " tag="035">
		<marc:subfield code="a">(CaOTULAS)185143992</marc:subfield>
	</marc:datafield>
	<marc:datafield ind1=" " ind2=" " tag="035">
		<marc:subfield code="9">AAK8108</marc:subfield>
	</marc:datafield>
	<marc:datafield ind1=" " ind2=" " tag="035">
		<marc:subfield code="a">86553</marc:subfield>
	</marc:datafield>
	<marc:datafield ind1=" " ind2=" " tag="035">
		<marc:subfield code="a">(PU)86553-penndb-Voyager</marc:subfield>
	</marc:datafield>
	<marc:datafield ind1=" " ind2=" " tag="035">
		<marc:subfield code="a">(PennHoldings)107808</marc:subfield>
	</marc:datafield>
	<marc:datafield ind1=" " ind2=" " tag="040">
		<marc:subfield code="c">PU</marc:subfield>
	</marc:datafield>	
	<marc:datafield ind1="1" ind2=" " tag="041">
		<marc:subfield code="a">eng</marc:subfield>
		<marc:subfield code="h">fre</marc:subfield>
	</marc:datafield>	
	<marc:datafield ind1="0" ind2=" " tag="050">
		<marc:subfield code="a">PQ1979.A65</marc:subfield>
		<marc:subfield code="b">E5 1797</marc:subfield>
	</marc:datafield>	
	<marc:datafield ind1=" " ind2=" " tag="090">
		<marc:subfield code="a">PQ1979.A65</marc:subfield>
		<marc:subfield code="b">E5 1797</marc:subfield>
		<marc:subfield code="i">11/12/86 CT</marc:subfield>
	</marc:datafield>	
	<marc:datafield ind1="1" ind2="0" tag="100">
		<marc:subfield code="a">Diderot, Denis,</marc:subfield>
		<marc:subfield code="d">1713-1784.</marc:subfield>
	</marc:datafield>	
	<marc:datafield ind1="1" ind2="0" tag="240">
		<marc:subfield code="a">Jacques le fataliste et son maitre.</marc:subfield>
		<marc:subfield code="l">English</marc:subfield>
	</marc:datafield>	
	<marc:datafield ind1="1" ind2="0" tag="245">
		<marc:subfield code="a">James the fatalist and his master.</marc:subfield>
		<marc:subfield code="c">Translated from the French of Diderot ...</marc:subfield>
	</marc:datafield>	
	<marc:datafield ind1="1" ind2="0" tag="245">
		<marc:subfield code="a">James the fatalist and his master.</marc:subfield>
		<marc:subfield code="c">Translated from the French of Diderot ...</marc:subfield>
	</marc:datafield>	
	<marc:datafield ind1=" " ind2=" " tag="246">
		<marc:subfield code="a">James the fatalist and his master. Vol. I.</marc:subfield>
		<marc:subfield code="d">Letter-press</marc:subfield>
		<marc:subfield code="g">Half</marc:subfield>
		<marc:subfield code="x">Volume</marc:subfield>
		<marc:subfield code="v">v.1</marc:subfield>
	</marc:datafield>	
	<marc:datafield ind1=" " ind2=" " tag="246">
		<marc:subfield code="a">James the fatalist and his master. Translated from the French of Diderot. In three volumes. Vol. I.</marc:subfield>
		<marc:subfield code="d">Letter-press</marc:subfield>
		<marc:subfield code="g">Full</marc:subfield>
		<marc:subfield code="x">Volume</marc:subfield>
		<marc:subfield code="v">v.1</marc:subfield>
	</marc:datafield>	
	<marc:datafield ind1=" " ind2=" " tag="246">
		<marc:subfield code="a">James the fatalist and his master. Vol. II.</marc:subfield>
		<marc:subfield code="d">Letter-press</marc:subfield>
		<marc:subfield code="g">Half</marc:subfield>
		<marc:subfield code="x">Volume</marc:subfield>
		<marc:subfield code="v">v.2</marc:subfield>
	</marc:datafield>	
	<marc:datafield ind1=" " ind2=" " tag="246">
		<marc:subfield code="a">James the fatalist and his master. Translated from the French of Diderot. In three volumes. Vol. II.</marc:subfield>
		<marc:subfield code="d">Letter-press</marc:subfield>
		<marc:subfield code="g">Full</marc:subfield>
		<marc:subfield code="x">Volume</marc:subfield>
		<marc:subfield code="v">v.2</marc:subfield>
	</marc:datafield>	
	<marc:datafield ind1=" " ind2=" " tag="246">
		<marc:subfield code="a">James the fatalist and his master. Vol. III.</marc:subfield>
		<marc:subfield code="d">Letter-press</marc:subfield>
		<marc:subfield code="g">Half</marc:subfield>
		<marc:subfield code="x">Volume</marc:subfield>
		<marc:subfield code="v">v.3</marc:subfield>
	</marc:datafield>	
	<marc:datafield ind1=" " ind2=" " tag="246">
		<marc:subfield code="a">James the fatalist and his master. Translated from the French of Diderot. In three volumes. Vol. III.</marc:subfield>
		<marc:subfield code="d">Letter-press</marc:subfield>
		<marc:subfield code="g">Full</marc:subfield>
		<marc:subfield code="x">Volume</marc:subfield>
		<marc:subfield code="v">v.3</marc:subfield>
	</marc:datafield>	
	<marc:datafield ind1="0" ind2="7" tag="246">
		<marc:subfield code="a">James the fatalist and his master.</marc:subfield>
		<marc:subfield code="v">v.1</marc:subfield>
		<marc:subfield code="v">v.2</marc:subfield>
		<marc:subfield code="v">v.3</marc:subfield>
	</marc:datafield>	
	<marc:datafield ind1="0" ind2="7" tag="246">
		<marc:subfield code="a">James the fatalist (verso)</marc:subfield>
        <marc:subfield code="a">and his master. (recto)</marc:subfield>
		<marc:subfield code="v">v.1</marc:subfield>
		<marc:subfield code="v">v.2</marc:subfield>
		<marc:subfield code="v">v.3</marc:subfield>
	</marc:datafield>	
	<marc:datafield ind1="0" ind2="7" tag="246">
		<marc:subfield code="a">To the memory of Diderot.</marc:subfield>
		<marc:subfield code="v">v.1</marc:subfield>
	</marc:datafield>	
	<marc:datafield ind1="0" ind2="7" tag="246">
		<marc:subfield code="a">To the memory (verso)</marc:subfield>
        <marc:subfield code="a">of Diderot. (recto)</marc:subfield>
		<marc:subfield code="v">v.1</marc:subfield>
	</marc:datafield>	
	<marc:datafield ind1=" " ind2=" " tag="260">
		<marc:subfield code="a">London</marc:subfield>
		<marc:subfield code="b">Printed for G. G. and J. Robinson, Pater-Noster-Row.</marc:subfield>
		<marc:subfield code="c">1797</marc:subfield>
		<marc:subfield code="c">1797.</marc:subfield>
	</marc:datafield>	
	<marc:datafield ind1=" " ind2=" " tag="300">   
		<marc:subfield code="a">3 v.</marc:subfield>
		<marc:subfield code="c">18 cm. (12mo)</marc:subfield>
		<marc:subfield code="x">Duodecimo</marc:subfield>
	</marc:datafield>	
	<marc:datafield ind1="4" ind2=" " tag="510">
		<marc:subfield code="a">ESTC (RLIN)</marc:subfield>
		<marc:subfield code="c">T138418</marc:subfield>
	</marc:datafield>
	<marc:datafield ind1="4" ind2=" " tag="510">
		<marc:subfield code="a">English novel, 1770-1829,</marc:subfield>
		<marc:subfield code="c">1797: 35</marc:subfield>
	</marc:datafield>
	<marc:datafield ind1="4" ind2=" " tag="510">
		<marc:subfield code="a">Block, A.  Engl. novel (1961 ed.),</marc:subfield>
		<marc:subfield code="c">p 60</marc:subfield>
	</marc:datafield>
	<marc:datafield ind1=" " ind2=" " tag="520">
		<marc:subfield code="a">Dedication</marc:subfield>
		<marc:subfield code="b">To the memory of Diderot.</marc:subfield>
		<marc:subfield code="c">Front</marc:subfield>
		<marc:subfield code="v">v.1</marc:subfield>
		<marc:subfield code="x">Transcription of first sentence: "O Diderot! how many days have already elapsed since thy genius has been extinguished, since the obscurity of the tomb has shaded thy lifeless ashes!"</marc:subfield>
	</marc:datafield>	
	<marc:datafield ind1=" " ind2=" " tag="520">
		<marc:subfield code="a">Footnotes</marc:subfield>
		<marc:subfield code="v">v.1</marc:subfield>
		<marc:subfield code="x">Footnotes on p. vii, ix, and xi.</marc:subfield>
	</marc:datafield>
	<marc:datafield ind1=" " ind2=" " tag="592">
		<marc:subfield code="a">Dramatic dialogue</marc:subfield>
		<marc:subfield code="b">Third-person</marc:subfield>
	</marc:datafield>
	<marc:datafield ind1=" " ind2=" " tag="596">
	    <marc:subfield code="a">Translation</marc:subfield>
		<marc:subfield code="b">Full title page</marc:subfield>
		<marc:subfield code="c">French</marc:subfield>
		<marc:subfield code="e">Translated from the French of Diderot.</marc:subfield>
	</marc:datafield>
	<marc:datafield ind1=" " ind2="4" tag="650">
		<marc:subfield code="a">CHR 1797</marc:subfield>
	</marc:datafield>
	<marc:datafield ind1=" " ind2="4" tag="650">
		<marc:subfield code="a">PRO Morris, Benjamin, Sir (bookplate) (S-M copy)</marc:subfield>
	</marc:datafield>
	<marc:datafield ind1=" " ind2="4" tag="650">
		<marc:subfield code="a">PRO Forrest, Edwin, Estate of (donor) (Forrest copy)</marc:subfield>
	</marc:datafield>	
	<marc:datafield ind1=" " ind2=" " tag="700">
		<marc:subfield code="a">Diderot, Denis</marc:subfield>
		<marc:subfield code="d">1713-1784</marc:subfield>
		<marc:subfield code="4">Author (source text)</marc:subfield>
		<marc:subfield code="5">Authorized</marc:subfield>
	</marc:datafield>	
	<marc:datafield ind1=" " ind2=" " tag="710">
		<marc:subfield code="a">G. G. J. and J. Robinson (Paternoster-Row, London, England)</marc:subfield>
		<marc:subfield code="4">Printed for</marc:subfield>
		<marc:subfield code="5">Authorized</marc:subfield>
	</marc:datafield>	
	<marc:datafield ind1="2" ind2=" " tag="710">
		<marc:subfield code="a">Collection of British and American Fiction, 1660-1830 (University of Pennsylvania)</marc:subfield>
		<marc:subfield code="5">PU</marc:subfield>
	</marc:datafield>	
	<marc:datafield ind1="2" ind2=" " tag="710">
		<marc:subfield code="a">Early Novels</marc:subfield>
		<marc:subfield code="5">University of Pennsylvania</marc:subfield>
	</marc:datafield>	
	<marc:datafield ind1=" " ind2=" " tag="950">
		<marc:subfield code="l">RBC</marc:subfield>
		<marc:subfield code="e">\\Singer-\Menden-\hall\</marc:subfield>
		<marc:subfield code="v">3 v.</marc:subfield>
		<marc:subfield code="i">11/12/86 C</marc:subfield>
	</marc:datafield>
	<marc:datafield ind1=" " ind2=" " tag="948">
		<marc:subfield code="a">xx</marc:subfield>
		<marc:subfield code="a">add loc:jl</marc:subfield>
	</marc:datafield>	
	<marc:datafield ind1=" " ind2=" " tag="955">
		<marc:subfield code="l">RBC</marc:subfield>
		<marc:subfield code="c">1</marc:subfield>
		<marc:subfield code="q">725791-3</marc:subfield>
		<marc:subfield code="q">Mr. and Mrs. Jacob Singer</marc:subfield>
		<marc:subfield code="i">11/12/86 C</marc:subfield>
	</marc:datafield>	
	<marc:datafield ind1=" " ind2=" " tag="989">
		<marc:subfield code="2">Fatalist</marc:subfield>
		<marc:subfield code="2">Master</marc:subfield>
		<marc:subfield code="2">French</marc:subfield>
		<marc:subfield code="2">Volume</marc:subfield>
		<marc:subfield code="3">Three</marc:subfield>
		<marc:subfield code="5">James</marc:subfield>
		<marc:subfield code="5">Diderot</marc:subfield>
		<marc:subfield code="6">Translate</marc:subfield>
	</marc:datafield>
	<marc:datafield ind1=" " ind2=" " tag="999">
		<marc:subfield code="a">AS</marc:subfield>
		<marc:subfield code="b">07/31/18</marc:subfield>
		<marc:subfield code="c">University of Pennsylvania</marc:subfield>
		<marc:subfield code="d">OF</marc:subfield>
	</marc:datafield>	
</marc:record>