		
	<marc:record>
	<marc:leader>01992cam a2200409 a 4500</marc:leader>
	<marc:controlfield tag="005">20141204151004.0</marc:controlfield>
	<marc:controlfield tag="008">890705s1797    pau           00011 eng d</marc:controlfield>
	<marc:controlfield tag="001">999924323503681</marc:controlfield>
	<marc:datafield ind1=" " ind2=" " tag="035">
		<marc:subfield code="a">(OCoLC)ocm43914841</marc:subfield>
	</marc:datafield>
	<marc:datafield ind1=" " ind2=" " tag="035">
		<marc:subfield code="a">(OCoLC)43914841</marc:subfield>
	</marc:datafield>
	<marc:datafield ind1=" " ind2=" " tag="035">
		<marc:subfield code="a">(CStRLIN)PAUG89-B23990</marc:subfield>
	</marc:datafield>
	<marc:datafield ind1=" " ind2=" " tag="035">
		<marc:subfield code="a">(CaOTULAS)185166240</marc:subfield>
	</marc:datafield>
	<marc:datafield ind1=" " ind2=" " tag="035">
		<marc:subfield code="9">AGR8770</marc:subfield>
	</marc:datafield>
	<marc:datafield ind1=" " ind2=" " tag="035">
		<marc:subfield code="a">992432</marc:subfield>
	</marc:datafield>
	<marc:datafield ind1=" " ind2=" " tag="035">
		<marc:subfield code="a">(PU)992432-penndb-Voyager</marc:subfield>
	</marc:datafield>
	<marc:datafield ind1=" " ind2=" " tag="035">
		<marc:subfield code="a">(PennHoldings)1161093</marc:subfield>
	</marc:datafield>
	<marc:datafield ind1=" " ind2=" " tag="040">
		<marc:subfield code="a">MWA</marc:subfield>
		<marc:subfield code="c">MWA</marc:subfield>
		<marc:subfield code="e">bdrb</marc:subfield>
		<marc:subfield code="d">PPT</marc:subfield>
	</marc:datafield>
	<marc:datafield ind1=" " ind2=" " tag="090">
		<marc:subfield code="a">PR3316.A4</marc:subfield>
		<marc:subfield code="b">C3 1797d</marc:subfield>
		<marc:subfield code="i">07/05/89 CT</marc:subfield>
	</marc:datafield>
	<marc:datafield ind1="1" ind2="0" tag="100">
		<marc:subfield code="a">Burney, Fanny,</marc:subfield>
		<marc:subfield code="d">1752-1840.</marc:subfield>
	</marc:datafield>
	<marc:datafield ind1="1" ind2="0" tag="245">
		<marc:subfield code="a">Camilla: or, A picture of youth. /</marc:subfield>
		<marc:subfield code="c">By the authoress of Evelina and Cecilia. ; Five volumes in three. ; [Vol. I[-III].</marc:subfield>
	</marc:datafield>

	<marc:datafield ind1=" " ind2=" " tag="246" >
        <marc:subfield code="a">Camilla: Or, A Picture of Youth. By the Authoress of Evelina and Cecilia. Five Volumes in Three. Vol. I.</marc:subfield>
        <marc:subfield code="d">Letter-press</marc:subfield>
        <marc:subfield code="g">Full</marc:subfield>
        <marc:subfield code="x">Volume</marc:subfield>
        <marc:subfield code="v">v.1</marc:subfield>
    </marc:datafield>
    <marc:datafield ind1=" " ind2=" " tag="246" >
        <marc:subfield code="a">Camilla: Or, A Picture of Youth. By the Authoress of Evelina and Cecilia. Five Volumes in Three. Vol. II.</marc:subfield>
        <marc:subfield code="d">Letter-press</marc:subfield>
        <marc:subfield code="g">Full</marc:subfield>
        <marc:subfield code="x">Volume</marc:subfield>
        <marc:subfield code="v">v.2</marc:subfield>
    </marc:datafield>

    <marc:datafield ind1="0" ind2="0" tag="246" >
        <marc:subfield code="a">Camilla.</marc:subfield>  
    </marc:datafield>
    <marc:datafield ind1="0" ind2="7" tag="246" >
        <marc:subfield code="a">Camilla. (verso)</marc:subfield>
        <marc:subfield code="a">Camilla. (recto)</marc:subfield>
    </marc:datafield>

	<marc:datafield ind1="0" ind2=" " tag="260">
		<marc:subfield code="a">Philadelphia</marc:subfield>
		<marc:subfield code="b">Printed by Ormrod &amp; Conrad, Chesnut-Street.</marc:subfield>
		<marc:subfield code="c">1797.</marc:subfield>
		<marc:subfield code="c">1797</marc:subfield>
	</marc:datafield>

	<marc:datafield ind1=" " ind2=" " tag="300">
		<marc:subfield code="a">3 v. ;</marc:subfield>
		<marc:subfield code="c">18 cm. (12mo)</marc:subfield>
		<marc:subfield code="x">Duodecimo</marc:subfield>
		<marc:subfield code="z">Five Volumes in Three</marc:subfield>
	</marc:datafield>

	<marc:datafield ind1=" " ind2=" " tag="500">
		<marc:subfield code="a">Attributed to Burney in the Dictionary of national biography.</marc:subfield>
	</marc:datafield>
	<marc:datafield ind1=" " ind2=" " tag="500">
		<marc:subfield code="a">Signatures: v. 1, A6(A1 + A*1) B-U6 V6 W6 X-2B6 2C1; v. 2, A4 (A1 + A*1) B-U6 V6 W6 X-2C6 2D2 (2D2 verso blank); v. 3, pi2 (pi1 + A*1) A-2F6 2G2 (pi2 blank).</marc:subfield>
	</marc:datafield>
	<marc:datafield ind1=" " ind2=" " tag="500">
		<marc:subfield code="a">Vol. 1: [2], 326 p.; v. 2: [2], 335, [1] p.; v. 3: [6], 352 p.</marc:subfield>
	</marc:datafield>
	<marc:datafield ind1=" " ind2=" " tag="500">
		<marc:subfield code="a">Error in paging: v. 3, p. 331 misnumbered 133.</marc:subfield>
	</marc:datafield>

	<marc:datafield ind1="4" ind2=" " tag="510">
		<marc:subfield code="a">Evans</marc:subfield>
		<marc:subfield code="c">31746</marc:subfield>
	</marc:datafield>
	<marc:datafield ind1="4" ind2=" " tag="510">
		<marc:subfield code="a">ESTC (RLIN)</marc:subfield>
		<marc:subfield code="c">W30124</marc:subfield>
	</marc:datafield>

	<marc:datafield ind1=" " ind2=" " tag="520" >
        <marc:subfield code="a">Table of contents</marc:subfield>
        <marc:subfield code="b">Contents of the First Volume.</marc:subfield>
        <marc:subfield code="c">Front</marc:subfield>
        <marc:subfield code="v">v.1</marc:subfield>    
   	</marc:datafield>
   	<marc:datafield ind1=" " ind2=" " tag="520" >
        <marc:subfield code="a">Table of contents</marc:subfield>
        <marc:subfield code="b">Contents of the Second Volume.</marc:subfield>
        <marc:subfield code="c">Front</marc:subfield>
        <marc:subfield code="v">v.2</marc:subfield>    
   	</marc:datafield>

	<marc:datafield ind1=" " ind2=" " tag="590">
		<marc:subfield code="a">Copy 1 imperfect: vol. 1, title page and pp. 323-326; vol. 3, title page wanting.</marc:subfield>
	</marc:datafield>

	<marc:datafield ind1=" " ind2=" " tag="592">
        <marc:subfield code="a">Third-person</marc:subfield>
    </marc:datafield>
	
	<marc:datafield ind1=" " ind2=" " tag="595">
		<marc:subfield code="a">Pencil</marc:subfield>
		<marc:subfield code="b">Words</marc:subfield>
		<marc:subfield code="v">v.1</marc:subfield>
		<marc:subfield code="x">Located on title page: "Camilla"</marc:subfield>
	</marc:datafield>
	<marc:datafield ind1=" " ind2=" " tag="595">
		<marc:subfield code="a">Pencil</marc:subfield>
		<marc:subfield code="b">Words</marc:subfield>
		<marc:subfield code="v">v.1</marc:subfield>
		<marc:subfield code="x">Illegible writing located on title page.</marc:subfield>
	</marc:datafield>
	
    <marc:datafield ind1=" " ind2=" " tag="599">
        <marc:subfield code="a">Author (text)</marc:subfield>
        <marc:subfield code="b">Generic/Descriptive</marc:subfield>
        <marc:subfield code="2">By the Authoress of Evelina and Cecilia.</marc:subfield>
        <marc:subfield code="3">Title Page</marc:subfield>
        <marc:subfield code="5">Female</marc:subfield>
        <marc:subfield code="6">Female</marc:subfield>
    </marc:datafield> 

	<marc:datafield ind1=" " ind2="4" tag="650">
		<marc:subfield code="a">CHR  1797</marc:subfield>
	</marc:datafield>
	<marc:datafield ind1=" " ind2="4" tag="650">
		<marc:subfield code="a">PRO G. Lomas' Library, Newburgh (stamp) (copy 2)</marc:subfield>
	</marc:datafield>
	<marc:datafield ind1=" " ind2="4" tag="650">
		<marc:subfield code="a">PRO Van Kirk, S. Frances (donor) (copy 2)</marc:subfield>
	</marc:datafield>

    <marc:datafield ind1=" " ind2=" " tag="710">
        <marc:subfield code="a">Ormrod &amp; Conrad</marc:subfield>
        <marc:subfield code="4">Printed by</marc:subfield>
        <marc:subfield code="5">Authorized</marc:subfield>
    </marc:datafield>         
	<marc:datafield ind1="2" ind2=" " tag="710">
        <marc:subfield code="a">Early Novels</marc:subfield>
        <marc:subfield code="5">University of Pennsylvania</marc:subfield>
    </marc:datafield>
	<marc:datafield ind1="2" ind2=" " tag="710">
		<marc:subfield code="a">Collection of British and American Fiction, 1660-1830 (University of Pennsylvania)</marc:subfield>
		<marc:subfield code="5">PU</marc:subfield>
	</marc:datafield>

	<marc:datafield ind1=" " ind2=" " tag="950">
		<marc:subfield code="l">RBC</marc:subfield>
		<marc:subfield code="v">v.1-3</marc:subfield>
		<marc:subfield code="i">07/05/89 C</marc:subfield>
	</marc:datafield>
	<marc:datafield ind1=" " ind2=" " tag="955">
		<marc:subfield code="l">RBC</marc:subfield>
		<marc:subfield code="c">1:v.1</marc:subfield>
		<marc:subfield code="q">297194-297196</marc:subfield>
		<marc:subfield code="s">The James Paul M.D. Memorial Library</marc:subfield>
		<marc:subfield code="i">07/05/89 C</marc:subfield>
	</marc:datafield>
	<marc:datafield ind1=" " ind2=" " tag="955">
		<marc:subfield code="l">RBC</marc:subfield>
		<marc:subfield code="c">1:v.2</marc:subfield>
		<marc:subfield code="q">297194-297196</marc:subfield>
		<marc:subfield code="s">The James Paul M.D. Memorial Library</marc:subfield>
		<marc:subfield code="i">07/05/89 C</marc:subfield>
	</marc:datafield>
	<marc:datafield ind1=" " ind2=" " tag="955">
		<marc:subfield code="l">RBC</marc:subfield>
		<marc:subfield code="c">1:v.3</marc:subfield>
		<marc:subfield code="q">297194-297196</marc:subfield>
		<marc:subfield code="s">The James Paul M.D. Memorial Library</marc:subfield>
		<marc:subfield code="i">07/05/89 C</marc:subfield>
	</marc:datafield>
	<marc:datafield ind1=" " ind2=" " tag="955">
		<marc:subfield code="l">RBC</marc:subfield>
		<marc:subfield code="c">2:v.1</marc:subfield>
		<marc:subfield code="q">850763-850764</marc:subfield>
		<marc:subfield code="q">g. Miss S. Frances Van Kirk</marc:subfield>
		<marc:subfield code="i">07/05/89 C</marc:subfield>
	</marc:datafield>
	<marc:datafield ind1=" " ind2=" " tag="955">
		<marc:subfield code="l">RBC</marc:subfield>
		<marc:subfield code="c">2:v.2</marc:subfield>
		<marc:subfield code="q">850763-850764</marc:subfield>
		<marc:subfield code="q">g. Miss S. Frances Van Kirk</marc:subfield>
		<marc:subfield code="i">07/05/89 C</marc:subfield>
	</marc:datafield>

	<marc:datafield ind1=" " ind2=" " tag="989"> 
        <marc:subfield code="1">Evelina</marc:subfield>
        <marc:subfield code="1">Cecilia</marc:subfield>
        <marc:subfield code="2">Picture</marc:subfield>
        <marc:subfield code="2">Youth</marc:subfield>
        <marc:subfield code="2">Authoress</marc:subfield>
        <marc:subfield code="3">Five</marc:subfield>
        <marc:subfield code="5">Camilla</marc:subfield>
    </marc:datafield>

    <marc:datafield ind1=" " ind2=" " tag="999">
		<marc:subfield code="a">IC</marc:subfield>
		<marc:subfield code="b">7/27/18</marc:subfield>
		<marc:subfield code="c">University of Pennsylvania</marc:subfield>
    	<marc:subfield code="d">DPL</marc:subfield>
	</marc:datafield>
</marc:record>
</marc:collection>
